%% This BibTeX bibliography file was created using BibDesk.
%% https://bibdesk.sourceforge.io/

%% Created for Cl√©ment VIOLET at 2020-01-03 23:33:16 +0100 


%% Saved with string encoding Unicode (UTF-8) 



@article{Vermaat_2009,
	Author = {Jan E. Vermaat and Jennifer A. Dunne and Alison J. Gilbert},
	Doi = {10.1890/07-0978.1},
	Journal = {Ecology},
	Month = {jan},
	Number = {1},
	Pages = {278--282},
	Publisher = {Wiley},
	Title = {Major dimensions in food-web structure properties},
	Url = {https://doi.org/10.1890%2F07-0978.1},
	Volume = {90},
	Year = 2009,
	Bdsk-File-1 = {YnBsaXN0MDDSAQIDBFxyZWxhdGl2ZVBhdGhZYWxpYXNEYXRhXxAQdmVybWFhdF8yMDA5LnBkZk8RAaYAAAAAAaYAAgAADE1hY2ludG9zaCBIRAAAAAAAAAAAAAAAAAAAAAAAAABCRAAB/////xB2ZXJtYWF0XzIwMDkucGRmAAAAAAAAAAAAAAAAAAAAAAAAAAAAAAAAAAAAAAAAAAAAAAAAAAAAAAAAAAAAAAD/////AAAAAAAAAAAAAAAAAAEAAgAACiBjdQAAAAAAAAAAAAAAAAAJVUUgQmlsYmlvAAACAFMvOlVzZXJzOmNsZW1lbnR2aW9sZXQ6RG9jdW1lbnRzOlJlbm5lcyAxOlNlbWVzdHJlIDkgLSBSMTpVRSBCaWxiaW86dmVybWFhdF8yMDA5LnBkZgAADgAiABAAdgBlAHIAbQBhAGEAdABfADIAMAAwADkALgBwAGQAZgAPABoADABNAGEAYwBpAG4AdABvAHMAaAAgAEgARAASAFFVc2Vycy9jbGVtZW50dmlvbGV0L0RvY3VtZW50cy9SZW5uZXMgMS9TZW1lc3RyZSA5IC0gUjEvVUUgQmlsYmlvL3Zlcm1hYXRfMjAwOS5wZGYAABMAAS8AABUAAgAU//8AAAAIAA0AGgAkADcAAAAAAAACAQAAAAAAAAAFAAAAAAAAAAAAAAAAAAAB4Q==},
	Bdsk-Url-1 = {https://doi.org/10.1890/07-0978.1}}

@article{Martinez_1992,
	Author = {Neo D. Martinez},
	Doi = {10.1086/285382},
	Journal = {The American Naturalist},
	Month = {jun},
	Number = {6},
	Pages = {1208--1218},
	Publisher = {University of Chicago Press},
	Title = {Constant Connectance in Community Food Webs},
	Url = {https://doi.org/10.1086%2F285382},
	Volume = {139},
	Year = 1992,
	Bdsk-File-1 = {YnBsaXN0MDDSAQIDBFxyZWxhdGl2ZVBhdGhZYWxpYXNEYXRhXxARbWFydGluZXpfMTk5Mi5wZGZPEQGoAAAAAAGoAAIAAAxNYWNpbnRvc2ggSEQAAAAAAAAAAAAAAAAAAAAAAAAAQkQAAf////8RbWFydGluZXpfMTk5Mi5wZGYAAAAAAAAAAAAAAAAAAAAAAAAAAAAAAAAAAAAAAAAAAAAAAAAAAAAAAAAAAAAA/////wAAAAAAAAAAAAAAAAABAAIAAAogY3UAAAAAAAAAAAAAAAAACVVFIEJpbGJpbwAAAgBULzpVc2VyczpjbGVtZW50dmlvbGV0OkRvY3VtZW50czpSZW5uZXMgMTpTZW1lc3RyZSA5IC0gUjE6VUUgQmlsYmlvOm1hcnRpbmV6XzE5OTIucGRmAA4AJAARAG0AYQByAHQAaQBuAGUAegBfADEAOQA5ADIALgBwAGQAZgAPABoADABNAGEAYwBpAG4AdABvAHMAaAAgAEgARAASAFJVc2Vycy9jbGVtZW50dmlvbGV0L0RvY3VtZW50cy9SZW5uZXMgMS9TZW1lc3RyZSA5IC0gUjEvVUUgQmlsYmlvL21hcnRpbmV6XzE5OTIucGRmABMAAS8AABUAAgAU//8AAAAIAA0AGgAkADgAAAAAAAACAQAAAAAAAAAFAAAAAAAAAAAAAAAAAAAB5A==},
	Bdsk-Url-1 = {https://doi.org/10.1086%2F285382},
	Bdsk-Url-2 = {https://doi.org/10.1086/285382}}

@article{Dale_2010,
	Author = {M.R.T. Dale and M.-J. Fortin},
	Doi = {10.1146/annurev-ecolsys-102209-144718},
	Journal = {Annual Review of Ecology, Evolution, and Systematics},
	Month = {dec},
	Number = {1},
	Pages = {21--38},
	Publisher = {Annual Reviews},
	Title = {From Graphs to Spatial Graphs},
	Url = {https://doi.org/10.1146%2Fannurev-ecolsys-102209-144718},
	Volume = {41},
	Year = 2010,
	Bdsk-File-1 = {YnBsaXN0MDDSAQIDBFxyZWxhdGl2ZVBhdGhZYWxpYXNEYXRhXURhbGVfMjAxMC5wZGZPEQGYAAAAAAGYAAIAAAxNYWNpbnRvc2ggSEQAAAAAAAAAAAAAAAAAAAAAAAAAQkQAAf////8NRGFsZV8yMDEwLnBkZgAAAAAAAAAAAAAAAAAAAAAAAAAAAAAAAAAAAAAAAAAAAAAAAAAAAAAAAAAAAAAAAAAA/////wAAAAAAAAAAAAAAAAABAAIAAAogY3UAAAAAAAAAAAAAAAAACVVFIEJpbGJpbwAAAgBQLzpVc2VyczpjbGVtZW50dmlvbGV0OkRvY3VtZW50czpSZW5uZXMgMTpTZW1lc3RyZSA5IC0gUjE6VUUgQmlsYmlvOkRhbGVfMjAxMC5wZGYADgAcAA0ARABhAGwAZQBfADIAMAAxADAALgBwAGQAZgAPABoADABNAGEAYwBpAG4AdABvAHMAaAAgAEgARAASAE5Vc2Vycy9jbGVtZW50dmlvbGV0L0RvY3VtZW50cy9SZW5uZXMgMS9TZW1lc3RyZSA5IC0gUjEvVUUgQmlsYmlvL0RhbGVfMjAxMC5wZGYAEwABLwAAFQACABT//wAAAAgADQAaACQAMgAAAAAAAAIBAAAAAAAAAAUAAAAAAAAAAAAAAAAAAAHO},
	Bdsk-Url-1 = {https://doi.org/10.1146%2Fannurev-ecolsys-102209-144718},
	Bdsk-Url-2 = {https://doi.org/10.1146/annurev-ecolsys-102209-144718}}

@article{Menge_1995,
	Author = {Bruce A. Menge},
	Doi = {10.2307/2937158},
	Journal = {Ecological Monographs},
	Month = {feb},
	Number = {1},
	Pages = {21--74},
	Publisher = {Wiley},
	Title = {Indirect Effects in Marine Rocky Intertidal Interaction Webs: Patterns and Importance},
	Url = {https://doi.org/10.2307%2F2937158},
	Volume = {65},
	Year = 1995,
	Bdsk-File-1 = {YnBsaXN0MDDSAQIDBFxyZWxhdGl2ZVBhdGhZYWxpYXNEYXRhXW1lbmdlMTk5NS5wZGZPEQGYAAAAAAGYAAIAAAxNYWNpbnRvc2ggSEQAAAAAAAAAAAAAAAAAAAAAAAAAQkQAAf////8NbWVuZ2UxOTk1LnBkZgAAAAAAAAAAAAAAAAAAAAAAAAAAAAAAAAAAAAAAAAAAAAAAAAAAAAAAAAAAAAAAAAAA/////wAAAAAAAAAAAAAAAAABAAIAAAogY3UAAAAAAAAAAAAAAAAACVVFIEJpbGJpbwAAAgBQLzpVc2VyczpjbGVtZW50dmlvbGV0OkRvY3VtZW50czpSZW5uZXMgMTpTZW1lc3RyZSA5IC0gUjE6VUUgQmlsYmlvOm1lbmdlMTk5NS5wZGYADgAcAA0AbQBlAG4AZwBlADEAOQA5ADUALgBwAGQAZgAPABoADABNAGEAYwBpAG4AdABvAHMAaAAgAEgARAASAE5Vc2Vycy9jbGVtZW50dmlvbGV0L0RvY3VtZW50cy9SZW5uZXMgMS9TZW1lc3RyZSA5IC0gUjEvVUUgQmlsYmlvL21lbmdlMTk5NS5wZGYAEwABLwAAFQACABT//wAAAAgADQAaACQAMgAAAAAAAAIBAAAAAAAAAAUAAAAAAAAAAAAAAAAAAAHO},
	Bdsk-Url-1 = {https://doi.org/10.2307%2F2937158},
	Bdsk-Url-2 = {https://doi.org/10.2307/2937158}}

@article{Menge_1997,
	Author = {Bruce~A. Menge},
	Doi = {10.1086/286025},
	Journal = {The American Naturalist},
	Month = {may},
	Number = {5},
	Pages = {801--823},
	Publisher = {University of Chicago Press},
	Title = {Dection of Direct Versus Indirect Effects: Were Experiments Long Enough?},
	Url = {https://doi.org/10.1086%2F286025},
	Volume = {149},
	Year = 1997,
	Bdsk-File-1 = {YnBsaXN0MDDSAQIDBFxyZWxhdGl2ZVBhdGhZYWxpYXNEYXRhXW1lbmdlMTk5Ny5wZGZPEQGYAAAAAAGYAAIAAAxNYWNpbnRvc2ggSEQAAAAAAAAAAAAAAAAAAAAAAAAAQkQAAf////8NbWVuZ2UxOTk3LnBkZgAAAAAAAAAAAAAAAAAAAAAAAAAAAAAAAAAAAAAAAAAAAAAAAAAAAAAAAAAAAAAAAAAA/////wAAAAAAAAAAAAAAAAABAAIAAAogY3UAAAAAAAAAAAAAAAAACVVFIEJpbGJpbwAAAgBQLzpVc2VyczpjbGVtZW50dmlvbGV0OkRvY3VtZW50czpSZW5uZXMgMTpTZW1lc3RyZSA5IC0gUjE6VUUgQmlsYmlvOm1lbmdlMTk5Ny5wZGYADgAcAA0AbQBlAG4AZwBlADEAOQA5ADcALgBwAGQAZgAPABoADABNAGEAYwBpAG4AdABvAHMAaAAgAEgARAASAE5Vc2Vycy9jbGVtZW50dmlvbGV0L0RvY3VtZW50cy9SZW5uZXMgMS9TZW1lc3RyZSA5IC0gUjEvVUUgQmlsYmlvL21lbmdlMTk5Ny5wZGYAEwABLwAAFQACABT//wAAAAgADQAaACQAMgAAAAAAAAIBAAAAAAAAAAUAAAAAAAAAAAAAAAAAAAHO},
	Bdsk-Url-1 = {https://doi.org/10.1086%2F286025},
	Bdsk-Url-2 = {https://doi.org/10.1086/286025}}

@article{Olesen_2010,
	Author = {Jens M. Olesen and Jordi Bascompte and Yoko L. Dupont and Heidi Elberling and Claus Rasmussen and Pedro Jordano},
	Doi = {10.1098/rspb.2010.1371},
	Journal = {Proceedings of the Royal Society B: Biological Sciences},
	Month = {sep},
	Number = {1706},
	Pages = {725--732},
	Publisher = {The Royal Society},
	Title = {Missing and forbidden links in mutualistic networks},
	Url = {https://doi.org/10.1098%2Frspb.2010.1371},
	Volume = {278},
	Year = 2010,
	Bdsk-File-1 = {YnBsaXN0MDDSAQIDBFxyZWxhdGl2ZVBhdGhZYWxpYXNEYXRhXk9sc2VuXzIwMTAucGRmTxEBngAAAAABngACAAAMTWFjaW50b3NoIEhEAAAAAAAAAAAAAAAAAAAAAAAAAEJEAAH/////Dk9sc2VuXzIwMTAucGRmAAAAAAAAAAAAAAAAAAAAAAAAAAAAAAAAAAAAAAAAAAAAAAAAAAAAAAAAAAAAAAAAAP////8AAAAAAAAAAAAAAAAAAQACAAAKIGN1AAAAAAAAAAAAAAAAAAlVRSBCaWxiaW8AAAIAUS86VXNlcnM6Y2xlbWVudHZpb2xldDpEb2N1bWVudHM6UmVubmVzIDE6U2VtZXN0cmUgOSAtIFIxOlVFIEJpbGJpbzpPbHNlbl8yMDEwLnBkZgAADgAeAA4ATwBsAHMAZQBuAF8AMgAwADEAMAAuAHAAZABmAA8AGgAMAE0AYQBjAGkAbgB0AG8AcwBoACAASABEABIAT1VzZXJzL2NsZW1lbnR2aW9sZXQvRG9jdW1lbnRzL1Jlbm5lcyAxL1NlbWVzdHJlIDkgLSBSMS9VRSBCaWxiaW8vT2xzZW5fMjAxMC5wZGYAABMAAS8AABUAAgAU//8AAAAIAA0AGgAkADMAAAAAAAACAQAAAAAAAAAFAAAAAAAAAAAAAAAAAAAB1Q==},
	Bdsk-Url-1 = {https://doi.org/10.1098%2Frspb.2010.1371},
	Bdsk-Url-2 = {https://doi.org/10.1098/rspb.2010.1371}}

@unpublished{Poisot_2019,
	Author = {Poisot, Timoth{\'{e}}e and Bergeron, Gabriel and Cazelles, Kevin and Dallas, Tad and Gravel, Dominique and McDonald, Andrew and Mercier, Benjamin and Violet, Cl{\'{e}}ment and Vissault, Steve},
	Date-Added = {2019-12-20 15:40:51 +0100},
	Date-Modified = {2019-12-20 15:55:11 +0100},
	Title = {Environmental biases in the study of ecological networks at the planetary scale},
	Year = {2019}}

@article{Montoya_2009,
	Author = {Jos{\'{e}}M. Montoya and Guy Woodward and Mark C. Emmerson and Ricard V. Sol{\'{e}}},
	Doi = {10.1890/08-0657.1},
	Journal = {Ecology},
	Month = {sep},
	Number = {9},
	Pages = {2426--2433},
	Publisher = {Wiley},
	Title = {Press perturbations and indirect effects in real food webs},
	Url = {https://doi.org/10.1890%2F08-0657.1},
	Volume = {90},
	Year = 2009,
	Bdsk-File-1 = {YnBsaXN0MDDSAQIDBFxyZWxhdGl2ZVBhdGhZYWxpYXNEYXRhXxAQTW9udG95YV8yMDA5LnBkZk8RAaYAAAAAAaYAAgAADE1hY2ludG9zaCBIRAAAAAAAAAAAAAAAAAAAAAAAAABCRAAB/////xBNb250b3lhXzIwMDkucGRmAAAAAAAAAAAAAAAAAAAAAAAAAAAAAAAAAAAAAAAAAAAAAAAAAAAAAAAAAAAAAAD/////AAAAAAAAAAAAAAAAAAEAAgAACiBjdQAAAAAAAAAAAAAAAAAJVUUgQmlsYmlvAAACAFMvOlVzZXJzOmNsZW1lbnR2aW9sZXQ6RG9jdW1lbnRzOlJlbm5lcyAxOlNlbWVzdHJlIDkgLSBSMTpVRSBCaWxiaW86TW9udG95YV8yMDA5LnBkZgAADgAiABAATQBvAG4AdABvAHkAYQBfADIAMAAwADkALgBwAGQAZgAPABoADABNAGEAYwBpAG4AdABvAHMAaAAgAEgARAASAFFVc2Vycy9jbGVtZW50dmlvbGV0L0RvY3VtZW50cy9SZW5uZXMgMS9TZW1lc3RyZSA5IC0gUjEvVUUgQmlsYmlvL01vbnRveWFfMjAwOS5wZGYAABMAAS8AABUAAgAU//8AAAAIAA0AGgAkADcAAAAAAAACAQAAAAAAAAAFAAAAAAAAAAAAAAAAAAAB4Q==},
	Bdsk-Url-1 = {https://doi.org/10.1890%2F08-0657.1},
	Bdsk-Url-2 = {https://doi.org/10.1890/08-0657.1}}

@article{Ings_2009,
	Author = {Thomas C. Ings and Jos{\'{e}} M. Montoya and Jordi Bascompte and Nico Bl{\"u}thgen and Lee Brown and Carsten F. Dormann and Fran{\c{c}}ois Edwards and David Figueroa and Ute Jacob and J. Iwan Jones and Rasmus B. Lauridsen and Mark E. Ledger and Hannah M. Lewis and Jens M. Olesen and F.J. Frank van Veen and Phil H. Warren and Guy Woodward},
	Doi = {10.1111/j.1365-2656.2008.01460.x},
	Journal = {Journal of Animal Ecology},
	Month = {jan},
	Number = {1},
	Pages = {253--269},
	Publisher = {Wiley},
	Title = {Review: Ecological networks - beyond food webs},
	Url = {https://doi.org/10.1111%2Fj.1365-2656.2008.01460.x},
	Volume = {78},
	Year = 2009,
	Bdsk-File-1 = {YnBsaXN0MDDSAQIDBFxyZWxhdGl2ZVBhdGhZYWxpYXNEYXRhXxAtSW5nc19ldF9hbC0yMDA5LUpvdXJuYWxfb2ZfQW5pbWFsX0Vjb2xvZ3kucGRmTxECGAAAAAACGAACAAAMTWFjaW50b3NoIEhEAAAAAAAAAAAAAAAAAAAAAAAAAEJEAAH/////H0luZ3NfZXRfYWwtMjAwOS1KbyNGRkZGRkZGRi5wZGYAAAAAAAAAAAAAAAAAAAAAAAAAAAAAAAAAAAAAAAAAAP////8AAAAAAAAAAAAAAAAAAQACAAAKIGN1AAAAAAAAAAAAAAAAAAlVRSBCaWxiaW8AAAIAcC86VXNlcnM6Y2xlbWVudHZpb2xldDpEb2N1bWVudHM6UmVubmVzIDE6U2VtZXN0cmUgOSAtIFIxOlVFIEJpbGJpbzpJbmdzX2V0X2FsLTIwMDktSm91cm5hbF9vZl9BbmltYWxfRWNvbG9neS5wZGYADgBcAC0ASQBuAGcAcwBfAGUAdABfAGEAbAAtADIAMAAwADkALQBKAG8AdQByAG4AYQBsAF8AbwBmAF8AQQBuAGkAbQBhAGwAXwBFAGMAbwBsAG8AZwB5AC4AcABkAGYADwAaAAwATQBhAGMAaQBuAHQAbwBzAGgAIABIAEQAEgBuVXNlcnMvY2xlbWVudHZpb2xldC9Eb2N1bWVudHMvUmVubmVzIDEvU2VtZXN0cmUgOSAtIFIxL1VFIEJpbGJpby9JbmdzX2V0X2FsLTIwMDktSm91cm5hbF9vZl9BbmltYWxfRWNvbG9neS5wZGYAEwABLwAAFQACABT//wAAAAgADQAaACQAVAAAAAAAAAIBAAAAAAAAAAUAAAAAAAAAAAAAAAAAAAJw},
	Bdsk-Url-1 = {https://doi.org/10.1111%2Fj.1365-2656.2008.01460.x},
	Bdsk-Url-2 = {https://doi.org/10.1111/j.1365-2656.2008.01460.x}}

@article{Wootton_1994,
	Author = {J T Wootton},
	Doi = {10.1146/annurev.es.25.110194.002303},
	Journal = {Annual Review of Ecology and Systematics},
	Month = {nov},
	Number = {1},
	Pages = {443--466},
	Publisher = {Annual Reviews},
	Title = {The Nature and Consequences of Indirect Effects in Ecological Communities},
	Url = {https://doi.org/10.1146%2Fannurev.es.25.110194.002303},
	Volume = {25},
	Year = 1994,
	Bdsk-File-1 = {YnBsaXN0MDDSAQIDBFxyZWxhdGl2ZVBhdGhZYWxpYXNEYXRhXxAPd29vdHRvbjE5OTQucGRmTxEBoAAAAAABoAACAAAMTWFjaW50b3NoIEhEAAAAAAAAAAAAAAAAAAAAAAAAAEJEAAH/////D3dvb3R0b24xOTk0LnBkZgAAAAAAAAAAAAAAAAAAAAAAAAAAAAAAAAAAAAAAAAAAAAAAAAAAAAAAAAAAAAAAAP////8AAAAAAAAAAAAAAAAAAQACAAAKIGN1AAAAAAAAAAAAAAAAAAlVRSBCaWxiaW8AAAIAUi86VXNlcnM6Y2xlbWVudHZpb2xldDpEb2N1bWVudHM6UmVubmVzIDE6U2VtZXN0cmUgOSAtIFIxOlVFIEJpbGJpbzp3b290dG9uMTk5NC5wZGYADgAgAA8AdwBvAG8AdAB0AG8AbgAxADkAOQA0AC4AcABkAGYADwAaAAwATQBhAGMAaQBuAHQAbwBzAGgAIABIAEQAEgBQVXNlcnMvY2xlbWVudHZpb2xldC9Eb2N1bWVudHMvUmVubmVzIDEvU2VtZXN0cmUgOSAtIFIxL1VFIEJpbGJpby93b290dG9uMTk5NC5wZGYAEwABLwAAFQACABT//wAAAAgADQAaACQANgAAAAAAAAIBAAAAAAAAAAUAAAAAAAAAAAAAAAAAAAHa},
	Bdsk-Url-1 = {https://doi.org/10.1146%2Fannurev.es.25.110194.002303},
	Bdsk-Url-2 = {https://doi.org/10.1146/annurev.es.25.110194.002303}}

@incollection{Dunne_2006,
	Author = {Dunne, Jennifer A},
	Booktitle = {Ecological Networks: Linking Structure to Dynamics in Food Webs},
	Date-Modified = {2019-12-20 15:05:57 +0100},
	Editor = {Dunne, Jennifer A and Mercedes, Pascual},
	Journal = {Ecological networks: linking structure to dynamics in food webs},
	Pages = {27--86},
	Publisher = {Oxford University Press,},
	Title = {The network structure of food webs},
	Year = {2006}}

@article{Montoya_2010,
	Author = {Jos{\'{e}} M. Montoya and Dave Raffaelli},
	Date-Modified = {2019-12-20 11:08:28 +0100},
	Doi = {10.1098/rstb.2010.0114},
	Journal = {Philosophical Transactions of the Royal Society B: Biological Sciences},
	Keywords = {Theoretical ecology},
	Month = {jul},
	Number = {1549},
	Pages = {2013--2018},
	Publisher = {The Royal Society},
	Title = {Climate change, biotic interactions and ecosystem services},
	Url = {https://doi.org/10.1098%2Frstb.2010.0114},
	Volume = {365},
	Year = 2010,
	Bdsk-File-1 = {YnBsaXN0MDDSAQIDBFxyZWxhdGl2ZVBhdGhZYWxpYXNEYXRhXxAQTW9udG95YV8yMDEwLnBkZk8RAaYAAAAAAaYAAgAADE1hY2ludG9zaCBIRAAAAAAAAAAAAAAAAAAAAAAAAABCRAAB/////xBNb250b3lhXzIwMTAucGRmAAAAAAAAAAAAAAAAAAAAAAAAAAAAAAAAAAAAAAAAAAAAAAAAAAAAAAAAAAAAAAD/////AAAAAAAAAAAAAAAAAAEAAgAACiBjdQAAAAAAAAAAAAAAAAAJVUUgQmlsYmlvAAACAFMvOlVzZXJzOmNsZW1lbnR2aW9sZXQ6RG9jdW1lbnRzOlJlbm5lcyAxOlNlbWVzdHJlIDkgLSBSMTpVRSBCaWxiaW86TW9udG95YV8yMDEwLnBkZgAADgAiABAATQBvAG4AdABvAHkAYQBfADIAMAAxADAALgBwAGQAZgAPABoADABNAGEAYwBpAG4AdABvAHMAaAAgAEgARAASAFFVc2Vycy9jbGVtZW50dmlvbGV0L0RvY3VtZW50cy9SZW5uZXMgMS9TZW1lc3RyZSA5IC0gUjEvVUUgQmlsYmlvL01vbnRveWFfMjAxMC5wZGYAABMAAS8AABUAAgAU//8AAAAIAA0AGgAkADcAAAAAAAACAQAAAAAAAAAFAAAAAAAAAAAAAAAAAAAB4Q==},
	Bdsk-Url-1 = {https://doi.org/10.1098%2Frstb.2010.0114},
	Bdsk-Url-2 = {https://doi.org/10.1098/rstb.2010.0114}}

@article{Van_Valen_1973,
	Author = {Van Valen, Leigh},
	Date-Modified = {2019-12-20 11:06:33 +0100},
	Journal = {Evol Theory},
	Keywords = {Theoretical ecology},
	Pages = {1--30},
	Title = {A new evolutionary law},
	Volume = {1},
	Year = {1973}}

@book{Darwin_2004,
	Author = {Charles Darwin},
	Date-Modified = {2019-12-20 11:06:59 +0100},
	Doi = {10.4324/9780203509104},
	Keywords = {Theoretical ecology},
	Month = {jun},
	Publisher = {Routledge},
	Title = {On the Origin of Species, 1859},
	Year = 2004,
	Bdsk-Url-1 = {https://doi.org/10.4324/9780203509104}}

@unpublished{Blanchet_2019,
	Author = {F Guillaume Blanchet and Kevin Cazelles and Dominique Gravel},
	Date-Added = {2019-12-15 21:02:32 +0100},
	Date-Modified = {2019-12-17 14:16:04 +0100},
	Keywords = {Network inference, Part 3},
	Title = {Co-occurrence is not evidence of ecological interactions},
	Year = {2019}}

@article{Cazelles_2015,
	Author = {K{\'{e}}vin Cazelles and Miguel B. Ara{\'{u}}jo and Nicolas Mouquet and Dominique Gravel},
	Date-Modified = {2019-12-17 14:07:58 +0100},
	Doi = {10.1007/s12080-015-0281-9},
	Journal = {Theoretical Ecology},
	Keywords = {Part 3},
	Month = {oct},
	Number = {1},
	Pages = {39--48},
	Publisher = {Springer Science and Business Media {LLC}},
	Title = {A theory for species co-occurrence in interaction networks},
	Url = {https://doi.org/10.1007%2Fs12080-015-0281-9},
	Volume = {9},
	Year = 2015,
	Bdsk-Url-1 = {https://doi.org/10.1007%2Fs12080-015-0281-9},
	Bdsk-Url-2 = {https://doi.org/10.1007/s12080-015-0281-9}}

@article{Talluto_2018,
	Author = {Matthew V. Talluto and Karel Mokany and Laura J. Pollock and Wilfried Thuiller},
	Date-Modified = {2019-12-17 14:15:42 +0100},
	Doi = {10.1111/ddi.12781},
	Editor = {Risto Heikkinen},
	Journal = {Diversity and Distributions},
	Keywords = {Multifaceted Biodiversity Modelling, Beta-div, Part 3, Part 4},
	Month = {jun},
	Number = {10},
	Pages = {1492--1502},
	Publisher = {Wiley},
	Title = {Multifaceted biodiversity modelling at macroecological scales using Gaussian processes},
	Url = {https://doi.org/10.1111%2Fddi.12781},
	Volume = {24},
	Year = 2018,
	Bdsk-File-1 = {YnBsaXN0MDDSAQIDBFxyZWxhdGl2ZVBhdGhZYWxpYXNEYXRhXxASVGFsbHV0bzIwMThEREkucGRmTxEBrgAAAAABrgACAAAMTWFjaW50b3NoIEhEAAAAAAAAAAAAAAAAAAAAAAAAAEJEAAH/////ElRhbGx1dG8yMDE4RERJLnBkZgAAAAAAAAAAAAAAAAAAAAAAAAAAAAAAAAAAAAAAAAAAAAAAAAAAAAAAAAAAAP////8AAAAAAAAAAAAAAAAAAQACAAAKIGN1AAAAAAAAAAAAAAAAAAlVRSBCaWxiaW8AAAIAVS86VXNlcnM6Y2xlbWVudHZpb2xldDpEb2N1bWVudHM6UmVubmVzIDE6U2VtZXN0cmUgOSAtIFIxOlVFIEJpbGJpbzpUYWxsdXRvMjAxOERESS5wZGYAAA4AJgASAFQAYQBsAGwAdQB0AG8AMgAwADEAOABEAEQASQAuAHAAZABmAA8AGgAMAE0AYQBjAGkAbgB0AG8AcwBoACAASABEABIAU1VzZXJzL2NsZW1lbnR2aW9sZXQvRG9jdW1lbnRzL1Jlbm5lcyAxL1NlbWVzdHJlIDkgLSBSMS9VRSBCaWxiaW8vVGFsbHV0bzIwMThEREkucGRmAAATAAEvAAAVAAIAFP//AAAACAANABoAJAA5AAAAAAAAAgEAAAAAAAAABQAAAAAAAAAAAAAAAAAAAes=},
	Bdsk-Url-1 = {https://doi.org/10.1111%2Fddi.12781},
	Bdsk-Url-2 = {https://doi.org/10.1111/ddi.12781}}

@article{Beissinger_2016,
	Author = {Steven R. Beissinger and Kelly J. Iknayan and Gurutzeta Guillera-Arroita and Elise F. Zipkin and Robert M. Dorazio and J. Andrew Royle and Marc K{\'{e}}ry},
	Date-Modified = {2019-12-17 14:11:49 +0100},
	Doi = {10.1016/j.tree.2016.07.009},
	Journal = {Trends in Ecology {\&} Evolution},
	Keywords = {LVM, Network inference, Part 3},
	Month = {oct},
	Number = {10},
	Pages = {736--737},
	Publisher = {Elsevier {BV}},
	Title = {Incorporating Imperfect Detection into Joint Models of Communities: A response to Warton et al.},
	Url = {https://doi.org/10.1016%2Fj.tree.2016.07.009},
	Volume = {31},
	Year = 2016,
	Bdsk-File-1 = {YnBsaXN0MDDSAQIDBFxyZWxhdGl2ZVBhdGhZYWxpYXNEYXRhXxASYmVpc3NpbmdlcjIwMTYucGRmTxEBrgAAAAABrgACAAAMTWFjaW50b3NoIEhEAAAAAAAAAAAAAAAAAAAAAAAAAEJEAAH/////EmJlaXNzaW5nZXIyMDE2LnBkZgAAAAAAAAAAAAAAAAAAAAAAAAAAAAAAAAAAAAAAAAAAAAAAAAAAAAAAAAAAAP////8AAAAAAAAAAAAAAAAAAQACAAAKIGN1AAAAAAAAAAAAAAAAAAlVRSBCaWxiaW8AAAIAVS86VXNlcnM6Y2xlbWVudHZpb2xldDpEb2N1bWVudHM6UmVubmVzIDE6U2VtZXN0cmUgOSAtIFIxOlVFIEJpbGJpbzpiZWlzc2luZ2VyMjAxNi5wZGYAAA4AJgASAGIAZQBpAHMAcwBpAG4AZwBlAHIAMgAwADEANgAuAHAAZABmAA8AGgAMAE0AYQBjAGkAbgB0AG8AcwBoACAASABEABIAU1VzZXJzL2NsZW1lbnR2aW9sZXQvRG9jdW1lbnRzL1Jlbm5lcyAxL1NlbWVzdHJlIDkgLSBSMS9VRSBCaWxiaW8vYmVpc3NpbmdlcjIwMTYucGRmAAATAAEvAAAVAAIAFP//AAAACAANABoAJAA5AAAAAAAAAgEAAAAAAAAABQAAAAAAAAAAAAAAAAAAAes=},
	Bdsk-Url-1 = {https://doi.org/10.1016%2Fj.tree.2016.07.009},
	Bdsk-Url-2 = {https://doi.org/10.1016/j.tree.2016.07.009}}

@article{Popovic_2018,
	Author = {Gordana C. Popovic and Francis K.C. Hui and David I. Warton},
	Date-Modified = {2019-12-17 14:14:25 +0100},
	Doi = {10.1016/j.jmva.2017.12.002},
	Journal = {Journal of Multivariate Analysis},
	Keywords = {GCGM, Part 3},
	Month = {may},
	Pages = {86--100},
	Publisher = {Elsevier {BV}},
	Title = {A general algorithm for covariance modeling of discrete data},
	Url = {https://doi.org/10.1016%2Fj.jmva.2017.12.002},
	Volume = {165},
	Year = 2018,
	Bdsk-File-1 = {YnBsaXN0MDDSAQIDBFxyZWxhdGl2ZVBhdGhZYWxpYXNEYXRhXxAPcG9wb3ZpYzIwMTgucGRmTxEBoAAAAAABoAACAAAMTWFjaW50b3NoIEhEAAAAAAAAAAAAAAAAAAAAAAAAAEJEAAH/////D3BvcG92aWMyMDE4LnBkZgAAAAAAAAAAAAAAAAAAAAAAAAAAAAAAAAAAAAAAAAAAAAAAAAAAAAAAAAAAAAAAAP////8AAAAAAAAAAAAAAAAAAQACAAAKIGN1AAAAAAAAAAAAAAAAAAlVRSBCaWxiaW8AAAIAUi86VXNlcnM6Y2xlbWVudHZpb2xldDpEb2N1bWVudHM6UmVubmVzIDE6U2VtZXN0cmUgOSAtIFIxOlVFIEJpbGJpbzpwb3BvdmljMjAxOC5wZGYADgAgAA8AcABvAHAAbwB2AGkAYwAyADAAMQA4AC4AcABkAGYADwAaAAwATQBhAGMAaQBuAHQAbwBzAGgAIABIAEQAEgBQVXNlcnMvY2xlbWVudHZpb2xldC9Eb2N1bWVudHMvUmVubmVzIDEvU2VtZXN0cmUgOSAtIFIxL1VFIEJpbGJpby9wb3BvdmljMjAxOC5wZGYAEwABLwAAFQACABT//wAAAAgADQAaACQANgAAAAAAAAIBAAAAAAAAAAUAAAAAAAAAAAAAAAAAAAHa},
	Bdsk-Url-1 = {https://doi.org/10.1016%2Fj.jmva.2017.12.002},
	Bdsk-Url-2 = {https://doi.org/10.1016/j.jmva.2017.12.002}}

@article{Keil_2019,
	Author = {Petr Keil and Thorsten Wiegand and Anik{\'{o}} B. T{\'{o}}th and Daniel J. McGlinn and Jonathan Chase},
	Date-Modified = {2019-12-17 14:20:10 +0100},
	Doi = {10.32942/osf.io/7z8f9},
	Keywords = {Part 2},
	Month = {dec},
	Publisher = {Center for Open Science},
	Title = {Interspecific spatial associations as a facet of biodiversity, and a review of approaches to measure them},
	Url = {https://doi.org/10.32942%2Fosf.io%2F7z8f9},
	Year = 2019,
	Bdsk-File-1 = {YnBsaXN0MDDSAQIDBFxyZWxhdGl2ZVBhdGhZYWxpYXNEYXRhXWtlaWxfMjAxOS5wZGZPEQGYAAAAAAGYAAIAAAxNYWNpbnRvc2ggSEQAAAAAAAAAAAAAAAAAAAAAAAAAQkQAAf////8Na2VpbF8yMDE5LnBkZgAAAAAAAAAAAAAAAAAAAAAAAAAAAAAAAAAAAAAAAAAAAAAAAAAAAAAAAAAAAAAAAAAA/////wAAAAAAAAAAAAAAAAABAAIAAAogY3UAAAAAAAAAAAAAAAAACVVFIEJpbGJpbwAAAgBQLzpVc2VyczpjbGVtZW50dmlvbGV0OkRvY3VtZW50czpSZW5uZXMgMTpTZW1lc3RyZSA5IC0gUjE6VUUgQmlsYmlvOmtlaWxfMjAxOS5wZGYADgAcAA0AawBlAGkAbABfADIAMAAxADkALgBwAGQAZgAPABoADABNAGEAYwBpAG4AdABvAHMAaAAgAEgARAASAE5Vc2Vycy9jbGVtZW50dmlvbGV0L0RvY3VtZW50cy9SZW5uZXMgMS9TZW1lc3RyZSA5IC0gUjEvVUUgQmlsYmlvL2tlaWxfMjAxOS5wZGYAEwABLwAAFQACABT//wAAAAgADQAaACQAMgAAAAAAAAIBAAAAAAAAAAUAAAAAAAAAAAAAAAAAAAHO},
	Bdsk-Url-1 = {https://doi.org/10.32942/osf.io/7z8f9}}

@article{Montgomery_2019,
	Author = {Robert A. Montgomery and Remington J. Moll and Elise Say-Sallaz and Marion Valeix and Laura R. Prugh},
	Date-Modified = {2019-12-17 14:18:44 +0100},
	Doi = {10.1016/j.biocon.2019.02.001},
	Journal = {Biological Conservation},
	Keywords = {Theoretical ecology, Part 1},
	Month = {may},
	Pages = {1--11},
	Publisher = {Elsevier {BV}},
	Title = {A tendency to simplify complex systems},
	Url = {https://doi.org/10.1016%2Fj.biocon.2019.02.001},
	Volume = {233},
	Year = 2019,
	Bdsk-File-1 = {YnBsaXN0MDDSAQIDBFxyZWxhdGl2ZVBhdGhZYWxpYXNEYXRhXxATbW9udGdvbWVyeV8yMDE5LnBkZk8RAbAAAAAAAbAAAgAADE1hY2ludG9zaCBIRAAAAAAAAAAAAAAAAAAAAAAAAABCRAAB/////xNtb250Z29tZXJ5XzIwMTkucGRmAAAAAAAAAAAAAAAAAAAAAAAAAAAAAAAAAAAAAAAAAAAAAAAAAAAAAAAAAAD/////AAAAAAAAAAAAAAAAAAEAAgAACiBjdQAAAAAAAAAAAAAAAAAJVUUgQmlsYmlvAAACAFYvOlVzZXJzOmNsZW1lbnR2aW9sZXQ6RG9jdW1lbnRzOlJlbm5lcyAxOlNlbWVzdHJlIDkgLSBSMTpVRSBCaWxiaW86bW9udGdvbWVyeV8yMDE5LnBkZgAOACgAEwBtAG8AbgB0AGcAbwBtAGUAcgB5AF8AMgAwADEAOQAuAHAAZABmAA8AGgAMAE0AYQBjAGkAbgB0AG8AcwBoACAASABEABIAVFVzZXJzL2NsZW1lbnR2aW9sZXQvRG9jdW1lbnRzL1Jlbm5lcyAxL1NlbWVzdHJlIDkgLSBSMS9VRSBCaWxiaW8vbW9udGdvbWVyeV8yMDE5LnBkZgATAAEvAAAVAAIAFP//AAAACAANABoAJAA6AAAAAAAAAgEAAAAAAAAABQAAAAAAAAAAAAAAAAAAAe4=},
	Bdsk-Url-1 = {https://doi.org/10.1016%2Fj.biocon.2019.02.001},
	Bdsk-Url-2 = {https://doi.org/10.1016/j.biocon.2019.02.001}}

@article{Benton_2009,
	Author = {M. J. Benton},
	Date-Modified = {2019-12-17 14:03:12 +0100},
	Doi = {10.1126/science.1157719},
	Journal = {Science},
	Keywords = {Theoretical ecology, Part 1},
	Month = {feb},
	Number = {5915},
	Pages = {728--732},
	Publisher = {American Association for the Advancement of Science ({AAAS})},
	Title = {The Red Queen and the Court Jester: Species Diversity and the Role of Biotic and Abiotic Factors Through Time},
	Url = {https://doi.org/10.1126%2Fscience.1157719},
	Volume = {323},
	Year = 2009,
	Bdsk-File-1 = {YnBsaXN0MDDSAQIDBFxyZWxhdGl2ZVBhdGhZYWxpYXNEYXRhXmJlbnRvbjIwMDkucGRmTxEBngAAAAABngACAAAMTWFjaW50b3NoIEhEAAAAAAAAAAAAAAAAAAAAAAAAAEJEAAH/////DmJlbnRvbjIwMDkucGRmAAAAAAAAAAAAAAAAAAAAAAAAAAAAAAAAAAAAAAAAAAAAAAAAAAAAAAAAAAAAAAAAAP////8AAAAAAAAAAAAAAAAAAQACAAAKIGN1AAAAAAAAAAAAAAAAAAlVRSBCaWxiaW8AAAIAUS86VXNlcnM6Y2xlbWVudHZpb2xldDpEb2N1bWVudHM6UmVubmVzIDE6U2VtZXN0cmUgOSAtIFIxOlVFIEJpbGJpbzpiZW50b24yMDA5LnBkZgAADgAeAA4AYgBlAG4AdABvAG4AMgAwADAAOQAuAHAAZABmAA8AGgAMAE0AYQBjAGkAbgB0AG8AcwBoACAASABEABIAT1VzZXJzL2NsZW1lbnR2aW9sZXQvRG9jdW1lbnRzL1Jlbm5lcyAxL1NlbWVzdHJlIDkgLSBSMS9VRSBCaWxiaW8vYmVudG9uMjAwOS5wZGYAABMAAS8AABUAAgAU//8AAAAIAA0AGgAkADMAAAAAAAACAQAAAAAAAAAFAAAAAAAAAAAAAAAAAAAB1Q==},
	Bdsk-Url-1 = {https://doi.org/10.1126%2Fscience.1157719},
	Bdsk-Url-2 = {https://doi.org/10.1126/science.1157719}}

@article{Rosado_2016,
	Author = {Bruno H. P. Rosado and Marcos S. L. Figueiredo and Eduardo A. de Mattos and Carlos E. V. Grelle},
	Date-Modified = {2019-12-17 14:10:13 +0100},
	Doi = {10.1111/ecog.01678},
	Journal = {Ecography},
	Keywords = {Theoretical ecology, Part 1},
	Month = {feb},
	Number = {11},
	Pages = {1034--1041},
	Publisher = {Wiley},
	Title = {Eltonian shortfall due to the Grinnellian view: functional ecology between the mismatch of niche concepts},
	Url = {https://doi.org/10.1111%2Fecog.01678},
	Volume = {39},
	Year = 2016,
	Bdsk-File-1 = {YnBsaXN0MDDSAQIDBFxyZWxhdGl2ZVBhdGhZYWxpYXNEYXRhXnJvc2FkbzIwMTUucGRmTxEBngAAAAABngACAAAMTWFjaW50b3NoIEhEAAAAAAAAAAAAAAAAAAAAAAAAAEJEAAH/////DnJvc2FkbzIwMTUucGRmAAAAAAAAAAAAAAAAAAAAAAAAAAAAAAAAAAAAAAAAAAAAAAAAAAAAAAAAAAAAAAAAAP////8AAAAAAAAAAAAAAAAAAQACAAAKIGN1AAAAAAAAAAAAAAAAAAlVRSBCaWxiaW8AAAIAUS86VXNlcnM6Y2xlbWVudHZpb2xldDpEb2N1bWVudHM6UmVubmVzIDE6U2VtZXN0cmUgOSAtIFIxOlVFIEJpbGJpbzpyb3NhZG8yMDE1LnBkZgAADgAeAA4AcgBvAHMAYQBkAG8AMgAwADEANQAuAHAAZABmAA8AGgAMAE0AYQBjAGkAbgB0AG8AcwBoACAASABEABIAT1VzZXJzL2NsZW1lbnR2aW9sZXQvRG9jdW1lbnRzL1Jlbm5lcyAxL1NlbWVzdHJlIDkgLSBSMS9VRSBCaWxiaW8vcm9zYWRvMjAxNS5wZGYAABMAAS8AABUAAgAU//8AAAAIAA0AGgAkADMAAAAAAAACAQAAAAAAAAAFAAAAAAAAAAAAAAAAAAAB1Q==},
	Bdsk-Url-1 = {https://doi.org/10.1111%2Fecog.01678},
	Bdsk-Url-2 = {https://doi.org/10.1111/ecog.01678}}

@article{Morales_Castilla_2015,
	Author = {Ignacio Morales-Castilla and Miguel G. Matias and Dominique Gravel and Miguel B. Ara{\'{u}}jo},
	Date-Modified = {2019-12-17 14:07:45 +0100},
	Doi = {10.1016/j.tree.2015.03.014},
	Journal = {Trends in Ecology {\&} Evolution},
	Keywords = {Network inference, Part 3},
	Month = {jun},
	Number = {6},
	Pages = {347--356},
	Publisher = {Elsevier {BV}},
	Title = {Inferring biotic interactions from proxies},
	Url = {https://doi.org/10.1016%2Fj.tree.2015.03.014},
	Volume = {30},
	Year = 2015,
	Bdsk-File-1 = {YnBsaXN0MDDSAQIDBFxyZWxhdGl2ZVBhdGhZYWxpYXNEYXRhXxAYbW9yYWxlcy1jYXN0aWxsYTIwMTUucGRmTxEBxgAAAAABxgACAAAMTWFjaW50b3NoIEhEAAAAAAAAAAAAAAAAAAAAAAAAAEJEAAH/////GG1vcmFsZXMtY2FzdGlsbGEyMDE1LnBkZgAAAAAAAAAAAAAAAAAAAAAAAAAAAAAAAAAAAAAAAAAAAAAAAAAAAP////8AAAAAAAAAAAAAAAAAAQACAAAKIGN1AAAAAAAAAAAAAAAAAAlVRSBCaWxiaW8AAAIAWy86VXNlcnM6Y2xlbWVudHZpb2xldDpEb2N1bWVudHM6UmVubmVzIDE6U2VtZXN0cmUgOSAtIFIxOlVFIEJpbGJpbzptb3JhbGVzLWNhc3RpbGxhMjAxNS5wZGYAAA4AMgAYAG0AbwByAGEAbABlAHMALQBjAGEAcwB0AGkAbABsAGEAMgAwADEANQAuAHAAZABmAA8AGgAMAE0AYQBjAGkAbgB0AG8AcwBoACAASABEABIAWVVzZXJzL2NsZW1lbnR2aW9sZXQvRG9jdW1lbnRzL1Jlbm5lcyAxL1NlbWVzdHJlIDkgLSBSMS9VRSBCaWxiaW8vbW9yYWxlcy1jYXN0aWxsYTIwMTUucGRmAAATAAEvAAAVAAIAFP//AAAACAANABoAJAA/AAAAAAAAAgEAAAAAAAAABQAAAAAAAAAAAAAAAAAAAgk=},
	Bdsk-Url-1 = {https://doi.org/10.1016%2Fj.tree.2015.03.014},
	Bdsk-Url-2 = {https://doi.org/10.1016/j.tree.2015.03.014}}

@article{Jankowska_2018,
	Author = {Emilia Jankowska and Marleen De Troch and Lo{\"\i}c N. Michel and Gilles Lepoint and Maria W{\l}odarska-Kowalczuk},
	Date-Modified = {2019-12-17 14:15:53 +0100},
	Doi = {10.1016/j.ecolind.2018.02.054},
	Journal = {Ecological Indicators},
	Keywords = {Seagrass, Part 4},
	Month = {jul},
	Pages = {28--37},
	Publisher = {Elsevier {BV}},
	Title = {Modification of benthic food web structure by recovering seagrass meadows, as revealed by trophic markers and mixing models},
	Url = {https://doi.org/10.1016%2Fj.ecolind.2018.02.054},
	Volume = {90},
	Year = 2018,
	Bdsk-File-1 = {YnBsaXN0MDDSAQIDBFxyZWxhdGl2ZVBhdGhZYWxpYXNEYXRhXxAoSmFua293c2thIGV0IGFsLiAyMDE4IChFY29sLiBJbmRpYy4pLnBkZk8RAgYAAAAAAgYAAgAADE1hY2ludG9zaCBIRAAAAAAAAAAAAAAAAAAAAAAAAABCRAAB/////x9KYW5rb3dza2EgZXQgYWwuIDIjRkZGRkZGRkYucGRmAAAAAAAAAAAAAAAAAAAAAAAAAAAAAAAAAAAAAAAAAAD/////AAAAAAAAAAAAAAAAAAEAAgAACiBjdQAAAAAAAAAAAAAAAAAJVUUgQmlsYmlvAAACAGsvOlVzZXJzOmNsZW1lbnR2aW9sZXQ6RG9jdW1lbnRzOlJlbm5lcyAxOlNlbWVzdHJlIDkgLSBSMTpVRSBCaWxiaW86SmFua293c2thIGV0IGFsLiAyMDE4IChFY29sLiBJbmRpYy4pLnBkZgAADgBSACgASgBhAG4AawBvAHcAcwBrAGEAIABlAHQAIABhAGwALgAgADIAMAAxADgAIAAoAEUAYwBvAGwALgAgAEkAbgBkAGkAYwAuACkALgBwAGQAZgAPABoADABNAGEAYwBpAG4AdABvAHMAaAAgAEgARAASAGlVc2Vycy9jbGVtZW50dmlvbGV0L0RvY3VtZW50cy9SZW5uZXMgMS9TZW1lc3RyZSA5IC0gUjEvVUUgQmlsYmlvL0phbmtvd3NrYSBldCBhbC4gMjAxOCAoRWNvbC4gSW5kaWMuKS5wZGYAABMAAS8AABUAAgAU//8AAAAIAA0AGgAkAE8AAAAAAAACAQAAAAAAAAAFAAAAAAAAAAAAAAAAAAACWQ==},
	Bdsk-Url-1 = {https://doi.org/10.1016%2Fj.ecolind.2018.02.054},
	Bdsk-Url-2 = {https://doi.org/10.1016/j.ecolind.2018.02.054}}

@article{Jankowska_2019,
	Author = {Emilia Jankowska and Lo{\"\i}c N. Michel and Gilles Lepoint and Maria W{\l}odarska-Kowalczuk},
	Date-Modified = {2019-12-17 14:16:28 +0100},
	Doi = {10.1016/j.jembe.2018.10.004},
	Journal = {Journal of Experimental Marine Biology and Ecology},
	Keywords = {Seagrass, Part 4},
	Month = {jan},
	Pages = {54--63},
	Publisher = {Elsevier {BV}},
	Title = {Stabilizing effects of seagrass meadows on coastal water benthic food webs},
	Url = {https://doi.org/10.1016%2Fj.jembe.2018.10.004},
	Volume = {510},
	Year = 2019,
	Bdsk-File-1 = {YnBsaXN0MDDSAQIDBFxyZWxhdGl2ZVBhdGhZYWxpYXNEYXRhXxAhSmFua293c2thIGV0IGFsLiAyMDE5IChKRU1CRSkucGRmTxEB6AAAAAAB6AACAAAMTWFjaW50b3NoIEhEAAAAAAAAAAAAAAAAAAAAAAAAAEJEAAH/////H0phbmtvd3NrYSBldCBhbC4gMiNGRkZGRkZGRi5wZGYAAAAAAAAAAAAAAAAAAAAAAAAAAAAAAAAAAAAAAAAAAP////8AAAAAAAAAAAAAAAAAAQACAAAKIGN1AAAAAAAAAAAAAAAAAAlVRSBCaWxiaW8AAAIAZC86VXNlcnM6Y2xlbWVudHZpb2xldDpEb2N1bWVudHM6UmVubmVzIDE6U2VtZXN0cmUgOSAtIFIxOlVFIEJpbGJpbzpKYW5rb3dza2EgZXQgYWwuIDIwMTkgKEpFTUJFKS5wZGYADgBEACEASgBhAG4AawBvAHcAcwBrAGEAIABlAHQAIABhAGwALgAgADIAMAAxADkAIAAoAEoARQBNAEIARQApAC4AcABkAGYADwAaAAwATQBhAGMAaQBuAHQAbwBzAGgAIABIAEQAEgBiVXNlcnMvY2xlbWVudHZpb2xldC9Eb2N1bWVudHMvUmVubmVzIDEvU2VtZXN0cmUgOSAtIFIxL1VFIEJpbGJpby9KYW5rb3dza2EgZXQgYWwuIDIwMTkgKEpFTUJFKS5wZGYAEwABLwAAFQACABT//wAAAAgADQAaACQASAAAAAAAAAIBAAAAAAAAAAUAAAAAAAAAAAAAAAAAAAI0},
	Bdsk-Url-1 = {https://doi.org/10.1016%2Fj.jembe.2018.10.004},
	Bdsk-Url-2 = {https://doi.org/10.1016/j.jembe.2018.10.004}}

@article{van_der_Zee_2016,
	Author = {Els M. van der Zee and Christine Angelini and Laura L. Govers and Marjolijn J. A. Christianen and Andrew H. Altieri and Karin J. van der Reijden and Brian R. Silliman and Johan van de Koppel and Matthijs van der Geest and Jan A. van Gils and Henk W. van der Veer and Theunis Piersma and Peter C. de Ruiter and Han Olff and Tjisse van der Heide},
	Date-Modified = {2019-12-17 14:10:34 +0100},
	Doi = {10.1098/rspb.2015.2326},
	Journal = {Proceedings of the Royal Society B: Biological Sciences},
	Keywords = {Part 4},
	Month = {mar},
	Number = {1826},
	Pages = {20152326},
	Publisher = {The Royal Society},
	Title = {How habitat-modifying organisms structure the food web of two coastal ecosystems},
	Url = {https://doi.org/10.1098%2Frspb.2015.2326},
	Volume = {283},
	Year = 2016,
	Bdsk-File-1 = {YnBsaXN0MDDSAQIDBFxyZWxhdGl2ZVBhdGhZYWxpYXNEYXRhXxAbdmFuIGRlciBaZWUgZXQgYWwuIDIwMTYucGRmTxEB0AAAAAAB0AACAAAMTWFjaW50b3NoIEhEAAAAAAAAAAAAAAAAAAAAAAAAAEJEAAH/////G3ZhbiBkZXIgWmVlIGV0IGFsLiAyMDE2LnBkZgAAAAAAAAAAAAAAAAAAAAAAAAAAAAAAAAAAAAAAAAAAAAAAAP////8AAAAAAAAAAAAAAAAAAQACAAAKIGN1AAAAAAAAAAAAAAAAAAlVRSBCaWxiaW8AAAIAXi86VXNlcnM6Y2xlbWVudHZpb2xldDpEb2N1bWVudHM6UmVubmVzIDE6U2VtZXN0cmUgOSAtIFIxOlVFIEJpbGJpbzp2YW4gZGVyIFplZSBldCBhbC4gMjAxNi5wZGYADgA4ABsAdgBhAG4AIABkAGUAcgAgAFoAZQBlACAAZQB0ACAAYQBsAC4AIAAyADAAMQA2AC4AcABkAGYADwAaAAwATQBhAGMAaQBuAHQAbwBzAGgAIABIAEQAEgBcVXNlcnMvY2xlbWVudHZpb2xldC9Eb2N1bWVudHMvUmVubmVzIDEvU2VtZXN0cmUgOSAtIFIxL1VFIEJpbGJpby92YW4gZGVyIFplZSBldCBhbC4gMjAxNi5wZGYAEwABLwAAFQACABT//wAAAAgADQAaACQAQgAAAAAAAAIBAAAAAAAAAAUAAAAAAAAAAAAAAAAAAAIW},
	Bdsk-Url-1 = {https://doi.org/10.1098%2Frspb.2015.2326},
	Bdsk-Url-2 = {https://doi.org/10.1098/rspb.2015.2326}}

@article{Majdi_2018,
	Abstract = {Trophic ecology is the study of feeding interactions and food acquisition by organisms. It includes the causes and consequences of those behaviours at all levels of biological organisation. As a field of research, it crosses many disciplinary boundaries and provides knowledge that is pertinent to many other areas of ecology. Here we list and categorise the methods available to trophic ecologists whose toolbox has broadened considerably in recent years. They encompass empirical and numerical approaches with focus ranging from molecules to ecosystems. We further examine the relationship of each method to features such as the scale of observation (from microbes to largest organisms) and organisational level (from individuals to ecosystems) as well as the ecological question the method is capable of answering (from detecting predator-prey relationships to studying implications and consequences at different scales). Our survey reveals a very wide range of methodologies, each more-or-less appropriate for a particular line of research. It also identifies deficits, for example, trophic interactions at microscopic scales, for which empirical methods have hardly been used, as well as trophic models that have failed to consider fluxes at the ecosystem scale. Furthermore, we note that the combination of methodologies remains under-exploited despite great opportunities to solve complex ecological questions and to foster the emergence of new insights and hypotheses regarding organism, population and/or ecosystem properties.},
	Author = {Nabil Majdi and Nicolas Hette-Tronquart and Etienne Auclair and Alexandre Bec and Tiphaine Chouvelon and Bruno Cognie and Michael Danger and Priscilla Decottignies and Aur{\'e}lie Dessier and Christian Desvilettes and Stanislas Dubois and Christine Dupuy and Cl{\'e}mentine Fritsch and C{\'e}dric Gaucherel and Micka{\"e}l Hedde and Franck Jabot and Sebastien Lefebvre and Martin P. Marzloff and Benjamin Pey and Nathalie Peyrard and Thibaut Powolny and R{\'e}gis Sabbadin and Elisa Th{\'e}bault and Marie-Elodie Perga},
	Date-Modified = {2019-12-17 14:13:49 +0100},
	Doi = {https://doi.org/10.1016/j.fooweb.2018.e00100},
	Issn = {2352-2496},
	Journal = {Food Webs},
	Keywords = {Network analysis, Network inference, Part 3},
	Pages = {e00100},
	Title = {There's no harm in having too much: A comprehensive toolbox of methods in trophic ecology},
	Url = {http://www.sciencedirect.com/science/article/pii/S2352249618300223},
	Volume = {17},
	Year = {2018},
	Bdsk-File-1 = {YnBsaXN0MDDSAQIDBFxyZWxhdGl2ZVBhdGhZYWxpYXNEYXRhXm1hZGppXzIwMTgucGRmTxEBngAAAAABngACAAAMTWFjaW50b3NoIEhEAAAAAAAAAAAAAAAAAAAAAAAAAEJEAAH/////Dm1hZGppXzIwMTgucGRmAAAAAAAAAAAAAAAAAAAAAAAAAAAAAAAAAAAAAAAAAAAAAAAAAAAAAAAAAAAAAAAAAP////8AAAAAAAAAAAAAAAAAAQACAAAKIGN1AAAAAAAAAAAAAAAAAAlVRSBCaWxiaW8AAAIAUS86VXNlcnM6Y2xlbWVudHZpb2xldDpEb2N1bWVudHM6UmVubmVzIDE6U2VtZXN0cmUgOSAtIFIxOlVFIEJpbGJpbzptYWRqaV8yMDE4LnBkZgAADgAeAA4AbQBhAGQAagBpAF8AMgAwADEAOAAuAHAAZABmAA8AGgAMAE0AYQBjAGkAbgB0AG8AcwBoACAASABEABIAT1VzZXJzL2NsZW1lbnR2aW9sZXQvRG9jdW1lbnRzL1Jlbm5lcyAxL1NlbWVzdHJlIDkgLSBSMS9VRSBCaWxiaW8vbWFkamlfMjAxOC5wZGYAABMAAS8AABUAAgAU//8AAAAIAA0AGgAkADMAAAAAAAACAQAAAAAAAAAFAAAAAAAAAAAAAAAAAAAB1Q==},
	Bdsk-Url-1 = {http://www.sciencedirect.com/science/article/pii/S2352249618300223},
	Bdsk-Url-2 = {https://doi.org/10.1016/j.fooweb.2018.e00100}}

@article{Vellend_2010,
	Annote = {Part 1.},
	Author = {Mark Vellend},
	Date-Modified = {2019-12-17 14:03:39 +0100},
	Doi = {10.1086/652373},
	Journal = {The Quarterly Review of Biology},
	Keywords = {Theoretical ecology, Community Ecology, Part 1},
	Month = {jun},
	Number = {2},
	Pages = {183--206},
	Publisher = {University of Chicago Press},
	Title = {Conceptual Synthesis in Community Ecology},
	Url = {https://doi.org/10.1086%2F652373},
	Volume = {85},
	Year = 2010,
	Bdsk-File-1 = {YnBsaXN0MDDSAQIDBFxyZWxhdGl2ZVBhdGhZYWxpYXNEYXRhXxAmVmVsbGVuZF9Db21tdW5pdHlfRWNvbG9neV9RUkJfMjAxMC5wZGZPEQH+AAAAAAH+AAIAAAxNYWNpbnRvc2ggSEQAAAAAAAAAAAAAAAAAAAAAAAAAQkQAAf////8fVmVsbGVuZF9Db21tdW5pdHlfI0ZGRkZGRkZGLnBkZgAAAAAAAAAAAAAAAAAAAAAAAAAAAAAAAAAAAAAAAAAA/////wAAAAAAAAAAAAAAAAABAAIAAAogY3UAAAAAAAAAAAAAAAAACVVFIEJpbGJpbwAAAgBpLzpVc2VyczpjbGVtZW50dmlvbGV0OkRvY3VtZW50czpSZW5uZXMgMTpTZW1lc3RyZSA5IC0gUjE6VUUgQmlsYmlvOlZlbGxlbmRfQ29tbXVuaXR5X0Vjb2xvZ3lfUVJCXzIwMTAucGRmAAAOAE4AJgBWAGUAbABsAGUAbgBkAF8AQwBvAG0AbQB1AG4AaQB0AHkAXwBFAGMAbwBsAG8AZwB5AF8AUQBSAEIAXwAyADAAMQAwAC4AcABkAGYADwAaAAwATQBhAGMAaQBuAHQAbwBzAGgAIABIAEQAEgBnVXNlcnMvY2xlbWVudHZpb2xldC9Eb2N1bWVudHMvUmVubmVzIDEvU2VtZXN0cmUgOSAtIFIxL1VFIEJpbGJpby9WZWxsZW5kX0NvbW11bml0eV9FY29sb2d5X1FSQl8yMDEwLnBkZgAAEwABLwAAFQACABT//wAAAAgADQAaACQATQAAAAAAAAIBAAAAAAAAAAUAAAAAAAAAAAAAAAAAAAJP},
	Bdsk-Url-1 = {https://doi.org/10.1086%2F652373},
	Bdsk-Url-2 = {https://doi.org/10.1086/652373}}

@article{Popovic_2019,
	Author = {Gordana C. Popovic and David I. Warton and Fiona J. Thomson and Francis K. C. Hui and Angela T. Moles},
	Date-Modified = {2019-12-17 14:19:40 +0100},
	Doi = {10.1111/2041-210x.13247},
	Editor = {David Murrell},
	Journal = {Methods in Ecology and Evolution},
	Keywords = {GCGM, Network inference, Part 3},
	Month = {jul},
	Number = {9},
	Pages = {1571--1583},
	Publisher = {Wiley},
	Title = {Untangling direct species associations from indirect mediator species effects with graphical models},
	Url = {https://doi.org/10.1111%2F2041-210x.13247},
	Volume = {10},
	Year = 2019,
	Bdsk-File-1 = {YnBsaXN0MDDSAQIDBFxyZWxhdGl2ZVBhdGhZYWxpYXNEYXRhXxAPcG9wb3ZpYzIwMTkucGRmTxEBoAAAAAABoAACAAAMTWFjaW50b3NoIEhEAAAAAAAAAAAAAAAAAAAAAAAAAEJEAAH/////D3BvcG92aWMyMDE5LnBkZgAAAAAAAAAAAAAAAAAAAAAAAAAAAAAAAAAAAAAAAAAAAAAAAAAAAAAAAAAAAAAAAP////8AAAAAAAAAAAAAAAAAAQACAAAKIGN1AAAAAAAAAAAAAAAAAAlVRSBCaWxiaW8AAAIAUi86VXNlcnM6Y2xlbWVudHZpb2xldDpEb2N1bWVudHM6UmVubmVzIDE6U2VtZXN0cmUgOSAtIFIxOlVFIEJpbGJpbzpwb3BvdmljMjAxOS5wZGYADgAgAA8AcABvAHAAbwB2AGkAYwAyADAAMQA5AC4AcABkAGYADwAaAAwATQBhAGMAaQBuAHQAbwBzAGgAIABIAEQAEgBQVXNlcnMvY2xlbWVudHZpb2xldC9Eb2N1bWVudHMvUmVubmVzIDEvU2VtZXN0cmUgOSAtIFIxL1VFIEJpbGJpby9wb3BvdmljMjAxOS5wZGYAEwABLwAAFQACABT//wAAAAgADQAaACQANgAAAAAAAAIBAAAAAAAAAAUAAAAAAAAAAAAAAAAAAAHa},
	Bdsk-Url-1 = {https://doi.org/10.1111%2F2041-210x.13247},
	Bdsk-Url-2 = {https://doi.org/10.1111/2041-210x.13247}}

@article{Hui_2014,
	Annote = {Explique que les mod{\`e}les mieux que les ordinations.},
	Author = {Francis K.C. Hui and Sara Taskinen and Shirley Pledger and Scott D. Foster and David I. Warton},
	Date-Modified = {2019-12-17 14:06:09 +0100},
	Doi = {10.1111/2041-210x.12236},
	Editor = {Robert B. O{\textquotesingle}Hara},
	Journal = {Methods in Ecology and Evolution},
	Keywords = {Network analysis, Part 3},
	Month = {aug},
	Number = {4},
	Pages = {399--411},
	Publisher = {Wiley},
	Title = {Model-based approaches to unconstrained ordination},
	Url = {https://doi.org/10.1111%2F2041-210x.12236},
	Volume = {6},
	Year = 2014,
	Bdsk-File-1 = {YnBsaXN0MDDSAQIDBFxyZWxhdGl2ZVBhdGhZYWxpYXNEYXRhXxAzSHVpX2V0X2FsLTIwMTUtTWV0aG9kc19pbl9FY29sb2d5X2FuZF9Fdm9sdXRpb24ucGRmTxECMAAAAAACMAACAAAMTWFjaW50b3NoIEhEAAAAAAAAAAAAAAAAAAAAAAAAAEJEAAH/////H0h1aV9ldF9hbC0yMDE1LU1ldCNGRkZGRkZGRi5wZGYAAAAAAAAAAAAAAAAAAAAAAAAAAAAAAAAAAAAAAAAAAP////8AAAAAAAAAAAAAAAAAAQACAAAKIGN1AAAAAAAAAAAAAAAAAAlVRSBCaWxiaW8AAAIAdi86VXNlcnM6Y2xlbWVudHZpb2xldDpEb2N1bWVudHM6UmVubmVzIDE6U2VtZXN0cmUgOSAtIFIxOlVFIEJpbGJpbzpIdWlfZXRfYWwtMjAxNS1NZXRob2RzX2luX0Vjb2xvZ3lfYW5kX0V2b2x1dGlvbi5wZGYADgBoADMASAB1AGkAXwBlAHQAXwBhAGwALQAyADAAMQA1AC0ATQBlAHQAaABvAGQAcwBfAGkAbgBfAEUAYwBvAGwAbwBnAHkAXwBhAG4AZABfAEUAdgBvAGwAdQB0AGkAbwBuAC4AcABkAGYADwAaAAwATQBhAGMAaQBuAHQAbwBzAGgAIABIAEQAEgB0VXNlcnMvY2xlbWVudHZpb2xldC9Eb2N1bWVudHMvUmVubmVzIDEvU2VtZXN0cmUgOSAtIFIxL1VFIEJpbGJpby9IdWlfZXRfYWwtMjAxNS1NZXRob2RzX2luX0Vjb2xvZ3lfYW5kX0V2b2x1dGlvbi5wZGYAEwABLwAAFQACABT//wAAAAgADQAaACQAWgAAAAAAAAIBAAAAAAAAAAUAAAAAAAAAAAAAAAAAAAKO},
	Bdsk-Url-1 = {https://doi.org/10.1111%2F2041-210x.12236},
	Bdsk-Url-2 = {https://doi.org/10.1111/2041-210x.12236}}

@article{Desjardins-Proulx_2017,
	Annote = {Utitisation de KNN pour voir si une esp{\`e}ce mange l'autre. Moins performant que dans beauchene et al. Par contre RF tr{\`e}s int{\'e}ressant pour pr{\'e}dire int{\'e}raction et non-int{\'e}ractions.},
	Author = {Desjardins-Proulx, Philippe and Laigle, Idaline and Poisot, Timoth{\'{e}}e and Gravel, Dominique},
	Date-Modified = {2019-12-17 14:12:24 +0100},
	Doi = {10.7717/peerj.3644},
	File = {../assets/pdf/Desjardins-Proulx et al. - 2017 - Ecological interactions and the Netflix problem.pdf},
	Issn = {2167-8359},
	Journal = {PeerJ},
	Keywords = {Machine learning, Network inference, Part 3},
	Number = {2000},
	Pages = {e3644},
	Title = {{Ecological interactions and the Netflix problem}},
	Url = {https://peerj.com/articles/3644},
	Volume = {5},
	Year = {2017},
	Bdsk-File-1 = {YnBsaXN0MDDSAQIDBFxyZWxhdGl2ZVBhdGhZYWxpYXNEYXRhXxBVRGVzamFyZGlucy1Qcm91bHggZXQgYWwuIC0gMjAxNyAtIEVjb2xvZ2ljYWwgaW50ZXJhY3Rpb25zIGFuZCB0aGUgTmV0ZmxpeCBwcm9ibGVtLnBkZk8RArgAAAAAArgAAgAADE1hY2ludG9zaCBIRAAAAAAAAAAAAAAAAAAAAAAAAABCRAAB/////x9EZXNqYXJkaW5zLVByb3VseCAjRkZGRkZGRkYucGRmAAAAAAAAAAAAAAAAAAAAAAAAAAAAAAAAAAAAAAAAAAD/////AAAAAAAAAAAAAAAAAAEAAgAACiBjdQAAAAAAAAAAAAAAAAAJVUUgQmlsYmlvAAACAJgvOlVzZXJzOmNsZW1lbnR2aW9sZXQ6RG9jdW1lbnRzOlJlbm5lcyAxOlNlbWVzdHJlIDkgLSBSMTpVRSBCaWxiaW86RGVzamFyZGlucy1Qcm91bHggZXQgYWwuIC0gMjAxNyAtIEVjb2xvZ2ljYWwgaW50ZXJhY3Rpb25zIGFuZCB0aGUgTmV0ZmxpeCBwcm9ibGVtLnBkZgAOAKwAVQBEAGUAcwBqAGEAcgBkAGkAbgBzAC0AUAByAG8AdQBsAHgAIABlAHQAIABhAGwALgAgAC0AIAAyADAAMQA3ACAALQAgAEUAYwBvAGwAbwBnAGkAYwBhAGwAIABpAG4AdABlAHIAYQBjAHQAaQBvAG4AcwAgAGEAbgBkACAAdABoAGUAIABOAGUAdABmAGwAaQB4ACAAcAByAG8AYgBsAGUAbQAuAHAAZABmAA8AGgAMAE0AYQBjAGkAbgB0AG8AcwBoACAASABEABIAllVzZXJzL2NsZW1lbnR2aW9sZXQvRG9jdW1lbnRzL1Jlbm5lcyAxL1NlbWVzdHJlIDkgLSBSMS9VRSBCaWxiaW8vRGVzamFyZGlucy1Qcm91bHggZXQgYWwuIC0gMjAxNyAtIEVjb2xvZ2ljYWwgaW50ZXJhY3Rpb25zIGFuZCB0aGUgTmV0ZmxpeCBwcm9ibGVtLnBkZgATAAEvAAAVAAIAFP//AAAACAANABoAJAB8AAAAAAAAAgEAAAAAAAAABQAAAAAAAAAAAAAAAAAAAzg=},
	Bdsk-Url-1 = {https://peerj.com/articles/3644},
	Bdsk-Url-2 = {https://doi.org/10.7717/peerj.3644}}

@article{Poisot_2014,
	Archiveprefix = {arXiv},
	Arxivid = {10.1101/001677},
	Author = {Poisot, T. and Stouffer, D. B. and Gravel, D.},
	Date-Modified = {2019-12-17 14:05:57 +0100},
	Doi = {10.1101/001677},
	Eprint = {001677},
	File = {../assets/pdf/Poisot, Stouffer, Gravel - 2014 - Beyond species why ecological interaction networks vary through space and time.pdf},
	Isbn = {0000000207355},
	Issn = {00301299},
	Journal = {Oikos},
	Keywords = {Network Analysis, Part 2},
	Month = jan,
	Number = {3},
	Pages = {243--251},
	Primaryclass = {10.1101},
	Publisher = {Cold Spring Harbor Laboratory Press},
	Title = {{Beyond species: why ecological interactions vary through space and time}},
	Url = {http://biorxiv.org/lookup/doi/10.1101/001677},
	Volume = {124},
	Year = {2014},
	Bdsk-File-1 = {YnBsaXN0MDDSAQIDBFxyZWxhdGl2ZVBhdGhZYWxpYXNEYXRhXxB0UG9pc290LCBTdG91ZmZlciwgR3JhdmVsIC0gMjAxNCAtIEJleW9uZCBzcGVjaWVzIHdoeSBlY29sb2dpY2FsIGludGVyYWN0aW9uIG5ldHdvcmtzIHZhcnkgdGhyb3VnaCBzcGFjZSBhbmQgdGltZS5wZGZPEQM2AAAAAAM2AAIAAAxNYWNpbnRvc2ggSEQAAAAAAAAAAAAAAAAAAAAAAAAAQkQAAf////8fUG9pc290LCBTdG91ZmZlciwgI0ZGRkZGRkZGLnBkZgAAAAAAAAAAAAAAAAAAAAAAAAAAAAAAAAAAAAAAAAAA/////wAAAAAAAAAAAAAAAAABAAIAAAogY3UAAAAAAAAAAAAAAAAACVVFIEJpbGJpbwAAAgC3LzpVc2VyczpjbGVtZW50dmlvbGV0OkRvY3VtZW50czpSZW5uZXMgMTpTZW1lc3RyZSA5IC0gUjE6VUUgQmlsYmlvOlBvaXNvdCwgU3RvdWZmZXIsIEdyYXZlbCAtIDIwMTQgLSBCZXlvbmQgc3BlY2llcyB3aHkgZWNvbG9naWNhbCBpbnRlcmFjdGlvbiBuZXR3b3JrcyB2YXJ5IHRocm91Z2ggc3BhY2UgYW5kIHRpbWUucGRmAAAOAOoAdABQAG8AaQBzAG8AdAAsACAAUwB0AG8AdQBmAGYAZQByACwAIABHAHIAYQB2AGUAbAAgAC0AIAAyADAAMQA0ACAALQAgAEIAZQB5AG8AbgBkACAAcwBwAGUAYwBpAGUAcwAgAHcAaAB5ACAAZQBjAG8AbABvAGcAaQBjAGEAbAAgAGkAbgB0AGUAcgBhAGMAdABpAG8AbgAgAG4AZQB0AHcAbwByAGsAcwAgAHYAYQByAHkAIAB0AGgAcgBvAHUAZwBoACAAcwBwAGEAYwBlACAAYQBuAGQAIAB0AGkAbQBlAC4AcABkAGYADwAaAAwATQBhAGMAaQBuAHQAbwBzAGgAIABIAEQAEgC1VXNlcnMvY2xlbWVudHZpb2xldC9Eb2N1bWVudHMvUmVubmVzIDEvU2VtZXN0cmUgOSAtIFIxL1VFIEJpbGJpby9Qb2lzb3QsIFN0b3VmZmVyLCBHcmF2ZWwgLSAyMDE0IC0gQmV5b25kIHNwZWNpZXMgd2h5IGVjb2xvZ2ljYWwgaW50ZXJhY3Rpb24gbmV0d29ya3MgdmFyeSB0aHJvdWdoIHNwYWNlIGFuZCB0aW1lLnBkZgAAEwABLwAAFQACABT//wAAAAgADQAaACQAmwAAAAAAAAIBAAAAAAAAAAUAAAAAAAAAAAAAAAAAAAPV},
	Bdsk-Url-1 = {http://biorxiv.org/lookup/doi/10.1101/001677},
	Bdsk-Url-2 = {https://doi.org/10.1101/001677}}

@article{Beauchesne_2017b,
	Annote = {Utilisation de KNN pour pr{\'e}dire les int{\'e}ractions trophiques. Bas{\'e}s sur la ressemblance taxonomique.

On peut modifier ce mod{\`e}le pour y inclure des traits et des densit{\'e}s de pop pour qu'il soit meilleur.},
	Author = {Beauchesne, D. and Desjardins-Proulx, P. and Archambault, P. and Gravel, D.},
	Date-Modified = {2019-12-17 14:12:05 +0100},
	Issn = {02408759},
	Journal = {Vie et Milieu},
	Keywords = {Machine learning, Network inference, Part 3},
	Number = {3-4},
	Pages = {333--342},
	Title = {{Thinking outside the box - Predicting biotic interactions in data-poor environments}},
	Volume = {66},
	Year = {2017},
	Bdsk-File-1 = {YnBsaXN0MDDSAQIDBFxyZWxhdGl2ZVBhdGhZYWxpYXNEYXRhXxByQmVhdWNoZXNuZSBldCBhbC4gLSAyMDE2IC0gVGhpbmtpbmcgb3V0c2lkZSB0aGUgYm94IC0gUHJlZGljdGluZyBiaW90aWMgaW50ZXJhY3Rpb25zIGluIGRhdGEtcG9vciBlbnZpcm9ubWVudHMucGRmTxEDLgAAAAADLgACAAAMTWFjaW50b3NoIEhEAAAAAAAAAAAAAAAAAAAAAAAAAEJEAAH/////H0JlYXVjaGVzbmUgZXQgYWwuICNGRkZGRkZGRi5wZGYAAAAAAAAAAAAAAAAAAAAAAAAAAAAAAAAAAAAAAAAAAP////8AAAAAAAAAAAAAAAAAAQACAAAKIGN1AAAAAAAAAAAAAAAAAAlVRSBCaWxiaW8AAAIAtS86VXNlcnM6Y2xlbWVudHZpb2xldDpEb2N1bWVudHM6UmVubmVzIDE6U2VtZXN0cmUgOSAtIFIxOlVFIEJpbGJpbzpCZWF1Y2hlc25lIGV0IGFsLiAtIDIwMTYgLSBUaGlua2luZyBvdXRzaWRlIHRoZSBib3ggLSBQcmVkaWN0aW5nIGJpb3RpYyBpbnRlcmFjdGlvbnMgaW4gZGF0YS1wb29yIGVudmlyb25tZW50cy5wZGYAAA4A5gByAEIAZQBhAHUAYwBoAGUAcwBuAGUAIABlAHQAIABhAGwALgAgAC0AIAAyADAAMQA2ACAALQAgAFQAaABpAG4AawBpAG4AZwAgAG8AdQB0AHMAaQBkAGUAIAB0AGgAZQAgAGIAbwB4ACAALQAgAFAAcgBlAGQAaQBjAHQAaQBuAGcAIABiAGkAbwB0AGkAYwAgAGkAbgB0AGUAcgBhAGMAdABpAG8AbgBzACAAaQBuACAAZABhAHQAYQAtAHAAbwBvAHIAIABlAG4AdgBpAHIAbwBuAG0AZQBuAHQAcwAuAHAAZABmAA8AGgAMAE0AYQBjAGkAbgB0AG8AcwBoACAASABEABIAs1VzZXJzL2NsZW1lbnR2aW9sZXQvRG9jdW1lbnRzL1Jlbm5lcyAxL1NlbWVzdHJlIDkgLSBSMS9VRSBCaWxiaW8vQmVhdWNoZXNuZSBldCBhbC4gLSAyMDE2IC0gVGhpbmtpbmcgb3V0c2lkZSB0aGUgYm94IC0gUHJlZGljdGluZyBiaW90aWMgaW50ZXJhY3Rpb25zIGluIGRhdGEtcG9vciBlbnZpcm9ubWVudHMucGRmAAATAAEvAAAVAAIAFP//AAAACAANABoAJACZAAAAAAAAAgEAAAAAAAAABQAAAAAAAAAAAAAAAAAAA8s=}}

@article{Poisot_2016,
	Abstract = {Summary There is a growing realization among community ecologists that interactions between species vary across space and time and that this variation needs to be quantified. Our current numerical framework to analyse the structure of species interactions, based on graph-theoretical approaches, usually do not consider the variability of interactions. As this variability has been show to hold valuable ecological information, there is a need to adapt the current measures of network structure so that they can exploit it. We present analytical expressions of key measures of network structured, adapted so that they account for the variability of ecological interactions. We do so by modelling each interaction as a Bernoulli event; using basic calculus allows expressing the expected value, and when mathematically tractable, its variance. When applied to non-probabilistic data, the measures we present give the same results as their non-probabilistic formulations, meaning that they can be generally applied. We present three case studies that highlight how these measures can be used, in re-analysing data that experimentally measured the variability of interactions, to alleviate the computational demands of permutation-based approaches, and to use the frequency at which interactions are observed over several locations to infer the structure of local networks. We provide a free and open-source implementation of these measures. We discuss how both sampling and data representation of ecological networks can be adapted to allow the application of a fully probabilistic numerical network approach.},
	Annote = {Pleins de raisons font que les esp{\`e}ces n'int{\'e}ragissent pas entre elles. N{\'e}cessit{\'e} de changer la question "est-ce qu'elles int{\'e}ragissent" {\`a} "quelle est leur chance d'int{\'e}ragire".

Tout nouvelles d{\'e}finitions des propri{\'e}t{\'e}s des r{\'e}seaux.

Attention, consid{\`e}re ind{\'e}pendance alors que pas le cas en r{\'e}alit{\'e}.},
	Author = {Poisot, Timoth{\'e}e and Cirtwill, Alyssa R. and Cazelles, K{\'e}vin and Gravel, Dominique and Fortin, Marie-Jos{\'e}e and Stouffer, Daniel B.},
	Date-Added = {2019-10-29 11:34:11 +0100},
	Date-Modified = {2019-12-20 16:31:48 +0100},
	Doi = {10.1111/2041-210X.12468},
	Eprint = {https://besjournals.onlinelibrary.wiley.com/doi/pdf/10.1111/2041-210X.12468},
	Journal = {Methods in Ecology and Evolution},
	Keywords = {Network analysis, Part 2},
	Number = {3},
	Pages = {303-312},
	Title = {The structure of probabilistic networks},
	Url = {https://besjournals.onlinelibrary.wiley.com/doi/abs/10.1111/2041-210X.12468},
	Volume = {7},
	Year = {2016},
	Bdsk-File-1 = {YnBsaXN0MDDSAQIDBFxyZWxhdGl2ZVBhdGhZYWxpYXNEYXRhXnBvaXNvdDIwMTUucGRmTxEBngAAAAABngACAAAMTWFjaW50b3NoIEhEAAAAAAAAAAAAAAAAAAAAAAAAAEJEAAH/////DnBvaXNvdDIwMTUucGRmAAAAAAAAAAAAAAAAAAAAAAAAAAAAAAAAAAAAAAAAAAAAAAAAAAAAAAAAAAAAAAAAAP////8AAAAAAAAAAAAAAAAAAQACAAAKIGN1AAAAAAAAAAAAAAAAAAlVRSBCaWxiaW8AAAIAUS86VXNlcnM6Y2xlbWVudHZpb2xldDpEb2N1bWVudHM6UmVubmVzIDE6U2VtZXN0cmUgOSAtIFIxOlVFIEJpbGJpbzpwb2lzb3QyMDE1LnBkZgAADgAeAA4AcABvAGkAcwBvAHQAMgAwADEANQAuAHAAZABmAA8AGgAMAE0AYQBjAGkAbgB0AG8AcwBoACAASABEABIAT1VzZXJzL2NsZW1lbnR2aW9sZXQvRG9jdW1lbnRzL1Jlbm5lcyAxL1NlbWVzdHJlIDkgLSBSMS9VRSBCaWxiaW8vcG9pc290MjAxNS5wZGYAABMAAS8AABUAAgAU//8AAAAIAA0AGgAkADMAAAAAAAACAQAAAAAAAAAFAAAAAAAAAAAAAAAAAAAB1Q==},
	Bdsk-Url-1 = {https://doi.org/10.1111/2041-210X.12468}}

@article{Cirtwill_2018,
	Abstract = {Abstract Food webs and meso-scale motifs allow us to understand the structure of ecological communities and define species' roles within them. This species-level perspective on networks permits tests for relationships between species' traits and their patterns of direct and indirect interactions. Such relationships could allow us to predict food-web structure based on more easily obtained trait information. Here, we calculated the roles of species (as vectors of motif position frequencies) in six well-resolved marine food webs and identified the motif positions associated with the greatest variation in species' roles. We then tested whether the frequencies of these positions varied with species' traits. Despite the coarse-grained traits we used, our approach identified several strong associations between traits and motifs. Feeding environment was a key trait in our models and may shape species' roles by affecting encounter probabilities. Incorporating environment into future food-web models may improve predictions of an unknown network structure.},
	Author = {Cirtwill, Alyssa R. and Ekl{\"o}f, Anna},
	Date-Added = {2019-10-29 11:32:24 +0100},
	Date-Modified = {2019-12-17 14:13:12 +0100},
	Doi = {10.1111/ele.12955},
	Eprint = {https://onlinelibrary.wiley.com/doi/pdf/10.1111/ele.12955},
	Journal = {Ecology Letters},
	Keywords = {Network analysis, Indirect interactions, Part 3, Part 4},
	Number = {6},
	Pages = {875-884},
	Title = {Feeding environment and other traits shape species' roles in marine food webs},
	Url = {https://onlinelibrary.wiley.com/doi/abs/10.1111/ele.12955},
	Volume = {21},
	Year = {2018},
	Bdsk-File-1 = {YnBsaXN0MDDSAQIDBFxyZWxhdGl2ZVBhdGhZYWxpYXNEYXRhXxAQY2lydHdpbGwyMDE4LnBkZk8RAaYAAAAAAaYAAgAADE1hY2ludG9zaCBIRAAAAAAAAAAAAAAAAAAAAAAAAABCRAAB/////xBjaXJ0d2lsbDIwMTgucGRmAAAAAAAAAAAAAAAAAAAAAAAAAAAAAAAAAAAAAAAAAAAAAAAAAAAAAAAAAAAAAAD/////AAAAAAAAAAAAAAAAAAEAAgAACiBjdQAAAAAAAAAAAAAAAAAJVUUgQmlsYmlvAAACAFMvOlVzZXJzOmNsZW1lbnR2aW9sZXQ6RG9jdW1lbnRzOlJlbm5lcyAxOlNlbWVzdHJlIDkgLSBSMTpVRSBCaWxiaW86Y2lydHdpbGwyMDE4LnBkZgAADgAiABAAYwBpAHIAdAB3AGkAbABsADIAMAAxADgALgBwAGQAZgAPABoADABNAGEAYwBpAG4AdABvAHMAaAAgAEgARAASAFFVc2Vycy9jbGVtZW50dmlvbGV0L0RvY3VtZW50cy9SZW5uZXMgMS9TZW1lc3RyZSA5IC0gUjEvVUUgQmlsYmlvL2NpcnR3aWxsMjAxOC5wZGYAABMAAS8AABUAAgAU//8AAAAIAA0AGgAkADcAAAAAAAACAQAAAAAAAAAFAAAAAAAAAAAAAAAAAAAB4Q==},
	Bdsk-Url-1 = {https://onlinelibrary.wiley.com/doi/abs/10.1111/ele.12955},
	Bdsk-Url-2 = {https://doi.org/10.1111/ele.12955}}

@article{Rohr_2016,
	Abstract = { Networks play a prominent role in the study of complex systems of interacting entities in biology, sociology, and economics. Despite this diversity, we demonstrate here that a statistical model decomposing networks into matching and centrality components provides a comprehensive and unifying quantification of their architecture. The matching term quantifies the assortative structure in which node makes links with which other node, whereas the centrality term quantifies the number of links that nodes make. We show, for a diverse set of networks, that this decomposition can provide a tight fit to observed networks. Then we provide three applications. First, we show that the model allows very accurate prediction of missing links in partially known networks. Second, when node characteristics are known, we show how the matching--centrality decomposition can be related to this external information. Consequently, it offers us a simple and versatile tool to explore how node characteristics explain network architecture. Finally, we demonstrate the efficiency and flexibility of the model to forecast the links that a novel node would create if it were to join an existing network. },
	Annote = {Moyen de pr{\'e}dire les int{\'e}ractions dans les r{\'e}seaux mal connus,

The matching term aims to quantify assortative structure in who makes links with whom,
whereas the centrality term captures variation in the number of links that nodes make.

},
	Author = {Rohr, Rudolf P. and Naisbit, Russell E. and Mazza, Christian and Bersier, Louis-F{\'e}lix},
	Date-Added = {2019-10-29 11:30:45 +0100},
	Date-Modified = {2019-12-17 14:10:05 +0100},
	Doi = {10.1098/rspb.2015.2702},
	Eprint = {https://royalsocietypublishing.org/doi/pdf/10.1098/rspb.2015.2702},
	Journal = {Proceedings of the Royal Society B: Biological Sciences},
	Keywords = {Network analysis, Part 3},
	Number = {1824},
	Pages = {20152702},
	Title = {Matching-centrality decomposition and the forecasting of new links in networks},
	Url = {https://royalsocietypublishing.org/doi/abs/10.1098/rspb.2015.2702},
	Volume = {283},
	Year = {2016},
	Bdsk-File-1 = {YnBsaXN0MDDSAQIDBFxyZWxhdGl2ZVBhdGhZYWxpYXNEYXRhXHJvaHIyMDE2LnBkZk8RAZYAAAAAAZYAAgAADE1hY2ludG9zaCBIRAAAAAAAAAAAAAAAAAAAAAAAAABCRAAB/////wxyb2hyMjAxNi5wZGYAAAAAAAAAAAAAAAAAAAAAAAAAAAAAAAAAAAAAAAAAAAAAAAAAAAAAAAAAAAAAAAAAAAD/////AAAAAAAAAAAAAAAAAAEAAgAACiBjdQAAAAAAAAAAAAAAAAAJVUUgQmlsYmlvAAACAE8vOlVzZXJzOmNsZW1lbnR2aW9sZXQ6RG9jdW1lbnRzOlJlbm5lcyAxOlNlbWVzdHJlIDkgLSBSMTpVRSBCaWxiaW86cm9ocjIwMTYucGRmAAAOABoADAByAG8AaAByADIAMAAxADYALgBwAGQAZgAPABoADABNAGEAYwBpAG4AdABvAHMAaAAgAEgARAASAE1Vc2Vycy9jbGVtZW50dmlvbGV0L0RvY3VtZW50cy9SZW5uZXMgMS9TZW1lc3RyZSA5IC0gUjEvVUUgQmlsYmlvL3JvaHIyMDE2LnBkZgAAEwABLwAAFQACABT//wAAAAgADQAaACQAMQAAAAAAAAIBAAAAAAAAAAUAAAAAAAAAAAAAAAAAAAHL},
	Bdsk-Url-1 = {https://royalsocietypublishing.org/doi/abs/10.1098/rspb.2015.2702},
	Bdsk-Url-2 = {https://doi.org/10.1098/rspb.2015.2702}}

@article{Kefi_2015,
	Abstract = {How multiple types of non-trophic interactions map onto trophic networks in real communities remains largely unknown. We present the first effort, to our knowledge, describing a comprehensive ecological network that includes all known trophic and diverse non-trophic links among >100 coexisting species for the marine rocky intertidal community of the central Chilean coast. Our results suggest that non-trophic interactions exhibit highly nonrandom structures both alone and with respect to food web structure. The occurrence of different types of interactions, relative to all possible links, was well predicted by trophic structure and simple traits of the source and target species. In this community, competition for space and positive interactions related to habitat/refuge provisioning by sessile and/or basal species were by far the most abundant non-trophic interactions. If these patterns are corroborated in other ecosystems, they may suggest potentially important dynamic constraints on the combined architecture of trophic and non-trophic interactions. The nonrandom patterning of non-trophic interactions suggests a path forward for developing a more comprehensive ecological network theory to predict the functioning and resilience of ecological communities.},
	Annote = {Beaucoup d'int{\'e}raction autre que pr{\'e}dations. Id{\'e}e que le r{\'e}seau trophique seule ne permet pas de d{\'e}terminer la stabilit{\'e} des communaut{\'e}s {\'e}cologiques.

+ de liens non trophiques que de liens trophiques {\`a} la base des food webs. La majorit{\'e} des esp{\`e}ces ont beaucoup d'int{\'e}ractions non-trophiques.

Les esp{\`e}ces avec le plus d'int{\'e}ractions trophiques int{\'e}ragissent par des int{\'e}ractions non trophiques.

Les arbres de r{\'e}gr{\'e}ssion montrent que les int{\'e}ractions non trophiques sont initi{\'e}s par les esp{\`e}ces sessiles et que les int{\'e}ractions trophiques par les vagiles.
The negative non-trophic interactions usually involved a sessile species impacting another sessile species

Trophic links occurs predators larger than their prey. Positive non-trophic interactions are initiated by small species from low trophic levels with high vulnerability and a low generality (i.e., which do not eat many species, but are eaten by many consumers). Negative nontrophic
interactions are initiated by small species from low trophic levels on target species with similar
characteristics.

Concluison :
Non-trophic interactions were more than twice as abundant as trophic ones.
The structure of those non-trophic links was nonrandom both alone and with respect to trophic structure
The link degree distribution differed systematically between positive vs. negative non-trophic interactions
The occurrence of positive and negative non-trophic interactions was relatively well predicted by trophic link structure and simple species attributes

the underlying ecological mechanisms: competition for space is not species specific, while many positive nontrophic interactions are restricted within specific groups of species.},
	Author = {K{\'e}fi, Sonia and Berlow, Eric L. and Wieters, Evie A. and Joppa, Lucas N. and Wood, Spencer A. and Brose, Ulrich and Navarrete, Sergio A.},
	Date-Added = {2019-10-29 11:29:12 +0100},
	Date-Modified = {2019-12-17 14:07:08 +0100},
	Doi = {10.1890/13-1424.1},
	Eprint = {https://esajournals.onlinelibrary.wiley.com/doi/pdf/10.1890/13-1424.1},
	Journal = {Ecology},
	Keywords = {Networks in ecology, Benthos, Part 4},
	Number = {1},
	Pages = {291-303},
	Title = {Network structure beyond food webs: mapping non-trophic and trophic interactions on Chilean rocky shores},
	Url = {https://esajournals.onlinelibrary.wiley.com/doi/abs/10.1890/13-1424.1},
	Volume = {96},
	Year = {2015},
	Bdsk-File-1 = {YnBsaXN0MDDSAQIDBFxyZWxhdGl2ZVBhdGhZYWxpYXNEYXRhXWtlZmlfMjAxNS5wZGZPEQGYAAAAAAGYAAIAAAxNYWNpbnRvc2ggSEQAAAAAAAAAAAAAAAAAAAAAAAAAQkQAAf////8Na2VmaV8yMDE1LnBkZgAAAAAAAAAAAAAAAAAAAAAAAAAAAAAAAAAAAAAAAAAAAAAAAAAAAAAAAAAAAAAAAAAA/////wAAAAAAAAAAAAAAAAABAAIAAAogY3UAAAAAAAAAAAAAAAAACVVFIEJpbGJpbwAAAgBQLzpVc2VyczpjbGVtZW50dmlvbGV0OkRvY3VtZW50czpSZW5uZXMgMTpTZW1lc3RyZSA5IC0gUjE6VUUgQmlsYmlvOmtlZmlfMjAxNS5wZGYADgAcAA0AawBlAGYAaQBfADIAMAAxADUALgBwAGQAZgAPABoADABNAGEAYwBpAG4AdABvAHMAaAAgAEgARAASAE5Vc2Vycy9jbGVtZW50dmlvbGV0L0RvY3VtZW50cy9SZW5uZXMgMS9TZW1lc3RyZSA5IC0gUjEvVUUgQmlsYmlvL2tlZmlfMjAxNS5wZGYAEwABLwAAFQACABT//wAAAAgADQAaACQAMgAAAAAAAAIBAAAAAAAAAAUAAAAAAAAAAAAAAAAAAAHO},
	Bdsk-Url-1 = {https://esajournals.onlinelibrary.wiley.com/doi/abs/10.1890/13-1424.1},
	Bdsk-Url-2 = {https://doi.org/10.1890/13-1424.1}}

@article{Simmons_2019,
	Abstract = {Indirect interactions play an essential role in governing population, community and coevolutionary dynamics across a diverse range of ecological communities. Such communities are widely represented as bipartite networks: graphs depicting interactions between two groups of species, such as plants and pollinators or hosts and parasites. For over thirty years, studies have used indices, such as connectance and species degree, to characterise the structure of these networks and the roles of their constituent species. However, compressing a complex network into a single metric necessarily discards large amounts of information about indirect interactions. Given the large literature demonstrating the importance and ubiquity of indirect effects, many studies of network structure are likely missing a substantial piece of the ecological puzzle. Here we use the emerging concept of bipartite motifs to outline a new framework for bipartite networks that incorporates indirect interactions. While this framework is a significant departure from the current way of thinking about bipartite ecological networks, we show that this shift is supported by analyses of simulated and empirical data. We use simulations to show how consideration of indirect interactions can highlight differences missed by the current index paradigm that may be ecologically important. We extend this finding to empirical plant--pollinator communities, showing how two bee species, with similar direct interactions, differ in how specialised their competitors are. These examples underscore the need to not rely solely on network- and species-level indices for characterising the structure of bipartite ecological networks.},
	Annote = {D{\'e}finition des int{\'e}ractions indirecte (voir ref).

Utilisation des motifs pour voir quels sont les int{\'e}raction indirects.},
	Author = {Simmons, Benno I. and Cirtwill, Alyssa R. and Baker, Nick J. and Wauchope, Hannah S. and Dicks, Lynn V. and Stouffer, Daniel B. and Sutherland, William J.},
	Date-Added = {2019-10-29 11:27:47 +0100},
	Date-Modified = {2019-12-17 14:18:00 +0100},
	Doi = {10.1111/oik.05670},
	Eprint = {https://onlinelibrary.wiley.com/doi/pdf/10.1111/oik.05670},
	Journal = {Oikos},
	Keywords = {Network analysis, Indirect interactions, Part 3},
	Number = {2},
	Pages = {154-170},
	Title = {Motifs in bipartite ecological networks: uncovering indirect interactions},
	Url = {https://onlinelibrary.wiley.com/doi/abs/10.1111/oik.05670},
	Volume = {128},
	Year = {2019},
	Bdsk-File-1 = {YnBsaXN0MDDSAQIDBFxyZWxhdGl2ZVBhdGhZYWxpYXNEYXRhXxAPc2ltbW9uczIwMTgucGRmTxEBoAAAAAABoAACAAAMTWFjaW50b3NoIEhEAAAAAAAAAAAAAAAAAAAAAAAAAEJEAAH/////D3NpbW1vbnMyMDE4LnBkZgAAAAAAAAAAAAAAAAAAAAAAAAAAAAAAAAAAAAAAAAAAAAAAAAAAAAAAAAAAAAAAAP////8AAAAAAAAAAAAAAAAAAQACAAAKIGN1AAAAAAAAAAAAAAAAAAlVRSBCaWxiaW8AAAIAUi86VXNlcnM6Y2xlbWVudHZpb2xldDpEb2N1bWVudHM6UmVubmVzIDE6U2VtZXN0cmUgOSAtIFIxOlVFIEJpbGJpbzpzaW1tb25zMjAxOC5wZGYADgAgAA8AcwBpAG0AbQBvAG4AcwAyADAAMQA4AC4AcABkAGYADwAaAAwATQBhAGMAaQBuAHQAbwBzAGgAIABIAEQAEgBQVXNlcnMvY2xlbWVudHZpb2xldC9Eb2N1bWVudHMvUmVubmVzIDEvU2VtZXN0cmUgOSAtIFIxL1VFIEJpbGJpby9zaW1tb25zMjAxOC5wZGYAEwABLwAAFQACABT//wAAAAgADQAaACQANgAAAAAAAAIBAAAAAAAAAAUAAAAAAAAAAAAAAAAAAAHa},
	Bdsk-Url-1 = {https://onlinelibrary.wiley.com/doi/abs/10.1111/oik.05670},
	Bdsk-Url-2 = {https://doi.org/10.1111/oik.05670}}

@article{Freilich_2018,
	Abstract = {Abstract Co-occurrence methods are increasingly utilized in ecology to infer networks of species interactions where detailed knowledge based on empirical studies is difficult to obtain. Their use is particularly common, but not restricted to, microbial networks constructed from metagenomic analyses. In this study, we test the efficacy of this procedure by comparing an inferred network constructed using spatially intensive co-occurrence data from the rocky intertidal zone in central Chile to a well-resolved, empirically based, species interaction network from the same region. We evaluated the overlap in the information provided by each network and the extent to which there is a bias for co-occurrence data to better detect known trophic or non-trophic, positive or negative interactions. We found a poor correspondence between the co-occurrence network and the known species interactions with overall sensitivity (probability of true link detection) equal to 0.469, and specificity (true non-interaction) equal to 0.527. The ability to detect interactions varied with interaction type. Positive non-trophic interactions such as commensalism and facilitation were detected at the highest rates. These results demonstrate that co-occurrence networks do not represent classical ecological networks in which interactions are defined by direct observations or experimental manipulations. Co-occurrence networks provide information about the joint spatial effects of environmental conditions, recruitment, and, to some extent, biotic interactions, and among the latter, they tend to better detect niche-expanding positive non-trophic interactions. Detection of links (sensitivity or specificity) was not higher for well-known intertidal keystone species than for the rest of consumers in the community. Thus, as observed in previous empirical and theoretical studies, patterns of interactions in co-occurrence networks must be interpreted with caution, especially when extending interaction-based ecological theory to interpret network variability and stability. Co-occurrence networks may be particularly valuable for analysis of community dynamics that blends interactions and environment, rather than pairwise interactions alone.},
	Annote = {On peut utiliser les r{\'e}seaux de co-occurence comme proxy pour inf{\'e}rer les int{\'e}raction (lire les ref sur le sujet).

Int{\'e}r{\^e}t d'utiliser l'abondance, les variables abiotiques pour pr{\'e}dire les int{\'e}ractions.

Mais les donn{\'e}es de pr{\'e}sence-absence seule sont merdiques.},
	Author = {Freilich, Mara A. and Wieters, Evie and Broitman, Bernardo R. and Marquet, Pablo A. and Navarrete, Sergio A.},
	Date-Added = {2019-10-29 11:25:27 +0100},
	Date-Modified = {2019-12-17 14:13:35 +0100},
	Doi = {10.1002/ecy.2142},
	Eprint = {https://esajournals.onlinelibrary.wiley.com/doi/pdf/10.1002/ecy.2142},
	Journal = {Ecology},
	Keywords = {Networks in ecology, Benthos, Part 3, Part 4},
	Number = {3},
	Pages = {690-699},
	Title = {Species co-occurrence networks: Can they reveal trophic and non-trophic interactions in ecological communities?},
	Url = {https://esajournals.onlinelibrary.wiley.com/doi/abs/10.1002/ecy.2142},
	Volume = {99},
	Year = {2018},
	Bdsk-File-1 = {YnBsaXN0MDDSAQIDBFxyZWxhdGl2ZVBhdGhZYWxpYXNEYXRhXxAQZnJlaWxpY2gyMDE4LnBkZk8RAaYAAAAAAaYAAgAADE1hY2ludG9zaCBIRAAAAAAAAAAAAAAAAAAAAAAAAABCRAAB/////xBmcmVpbGljaDIwMTgucGRmAAAAAAAAAAAAAAAAAAAAAAAAAAAAAAAAAAAAAAAAAAAAAAAAAAAAAAAAAAAAAAD/////AAAAAAAAAAAAAAAAAAEAAgAACiBjdQAAAAAAAAAAAAAAAAAJVUUgQmlsYmlvAAACAFMvOlVzZXJzOmNsZW1lbnR2aW9sZXQ6RG9jdW1lbnRzOlJlbm5lcyAxOlNlbWVzdHJlIDkgLSBSMTpVRSBCaWxiaW86ZnJlaWxpY2gyMDE4LnBkZgAADgAiABAAZgByAGUAaQBsAGkAYwBoADIAMAAxADgALgBwAGQAZgAPABoADABNAGEAYwBpAG4AdABvAHMAaAAgAEgARAASAFFVc2Vycy9jbGVtZW50dmlvbGV0L0RvY3VtZW50cy9SZW5uZXMgMS9TZW1lc3RyZSA5IC0gUjEvVUUgQmlsYmlvL2ZyZWlsaWNoMjAxOC5wZGYAABMAAS8AABUAAgAU//8AAAAIAA0AGgAkADcAAAAAAAACAQAAAAAAAAAFAAAAAAAAAAAAAAAAAAAB4Q==},
	Bdsk-Url-1 = {https://esajournals.onlinelibrary.wiley.com/doi/abs/10.1002/ecy.2142},
	Bdsk-Url-2 = {https://doi.org/10.1002/ecy.2142}}

@article{Delmas_2018,
	Annote = {Comment sont charact{\'e}ris{\'e}s les int{\'e}ractions par les outils de graphes.},
	Author = {Delmas, Eva and Besson, Mathilde and Brice, Marie-H{\'e}l{\`e}ne and Burkle, Laura A. and Dalla Riva, Giulio V. and Fortin, Marie-Jos{\'e}e and Gravel, Dominique and Guimar{\~a}es, Paulo R. and Hembry, David H. and Newman, Erica A. and et al.},
	Date-Added = {2019-10-29 11:20:17 +0100},
	Date-Modified = {2019-12-17 14:14:46 +0100},
	Doi = {10.1111/brv.12433},
	Issn = {1464-7931},
	Journal = {Biological Reviews},
	Keywords = {Network analysis, Part 2},
	Month = {Jun},
	Number = {1},
	Pages = {16--36},
	Publisher = {Wiley},
	Title = {Analysing ecological networks of species interactions},
	Url = {http://dx.doi.org/10.1111/brv.12433},
	Volume = {94},
	Year = {2018},
	Bdsk-File-1 = {YnBsaXN0MDDSAQIDBFxyZWxhdGl2ZVBhdGhZYWxpYXNEYXRhXxBYLi4vLi4vQmlibGlvZ3JhcGhpZS9UaGVvcmV0aWNhbCBlY29sb2d5L05ldHdvcmsvRGVsbWFzX2V0X2FsLTIwMTktQmlvbG9naWNhbF9SZXZpZXdzLnBkZk8RAhAAAAAAAhAAAgAADE1hY2ludG9zaCBIRAAAAAAAAAAAAAAAAAAAAAAAAABCRAAB/////x9EZWxtYXNfZXRfYWwtMjAxOS0jRkZGRkZGRkYucGRmAAAAAAAAAAAAAAAAAAAAAAAAAAAAAAAAAAAAAAAAAAD/////AAAAAAAAAAAAAAAAAAIABAAACiBjdQAAAAAAAAAAAAAAAAAHTmV0d29yawAAAgBxLzpVc2VyczphYm95ZTpEb2N1bWVudHM6Qm91bG90OkJpYmxpb2dyYXBoaWU6VGhlb3JldGljYWwgZWNvbG9neTpOZXR3b3JrOkRlbG1hc19ldF9hbC0yMDE5LUJpb2xvZ2ljYWxfUmV2aWV3cy5wZGYAAA4AUgAoAEQAZQBsAG0AYQBzAF8AZQB0AF8AYQBsAC0AMgAwADEAOQAtAEIAaQBvAGwAbwBnAGkAYwBhAGwAXwBSAGUAdgBpAGUAdwBzAC4AcABkAGYADwAaAAwATQBhAGMAaQBuAHQAbwBzAGgAIABIAEQAEgBvVXNlcnMvYWJveWUvRG9jdW1lbnRzL0JvdWxvdC9CaWJsaW9ncmFwaGllL1RoZW9yZXRpY2FsIGVjb2xvZ3kvTmV0d29yay9EZWxtYXNfZXRfYWwtMjAxOS1CaW9sb2dpY2FsX1Jldmlld3MucGRmAAATAAEvAAAVAAIADP//AAAACAANABoAJAB/AAAAAAAAAgEAAAAAAAAABQAAAAAAAAAAAAAAAAAAApM=},
	Bdsk-Url-1 = {http://dx.doi.org/10.1111/brv.12433}}

@article{Eklof_2013,
	Annote = {Si les deux esp{\`e}ces ont les m{\^e}mes traits, alors une interaction est possible. Sinon, l'interaction est impossible - ce qu'on appelle un " lien interdit ".

De toute {\'e}vidence, plusieurs traits doivent correspondre pour qu'une interaction se produise. Ainsi, nous pouvons imaginer des esp{\`e}ces comme inclus dans un espace multidimensionnel, o{\`u} chaque axe repr{\'e}sente un trait donn{\'e} (p. ex. taille, couleur, mobilit{\'e}, ph{\'e}nologie) et o{\`u} chaque esp{\`e}ce interagit avec toutes les autres qui se trouvent dans un certain volume de cet espace. C'est l'id{\'e}e famili{\`e}re de la niche {\'e}cologique multidimensionnelle cr{\'e}{\'e}e par Grinell, Elton et Hutchinson.

Il est important de conna{\^\i}tre le nombre maximum de dimensions n{\'e}cessaires pour d{\'e}crire pleinement les r{\'e}seaux {\'e}cologiques complexes, car la th{\'e}orie {\'e}cologique actuelle repose implicitement sur l'hypoth{\`e}se que peu de dimensions sont n{\'e}cessaires : les esp{\`e}ces sont en concurrence pour quelques facteurs limitants dans les mod{\`e}les expliquant la coexistence {\`a} un niveau trophique unique.

La recherche de la dimensionnalit{\'e} des r{\'e}seaux {\'e}cologiques a d{\'e}j{\`a} pris deux directions : l'{\'e}tude du nombre d'axes-niches et l'identification des traits des esp{\`e}ces qui expliquent le mieux les interactions observ{\'e}es.

Tout d'abord, nous mesurons combien de dimensions id{\'e}alis{\'e}es sont n{\'e}cessaires pour d{\'e}crire compl{\`e}tement la structure d'un vaste ensemble de r{\'e}seaux empiriques. Deuxi{\`e}mement, pour un sous-ensemble des r{\'e}seaux qui comprennent des traits pour toutes les esp{\`e}ces, nous estimons la fraction des liens expliqu{\'e}e par chaque trait ou une combinaison de traits.

Pour l'estimation de la limite sup{\'e}rieure de la dimensionnalit{\'e} l'espace consid{\'e}rer est de dimension n-trait. Le nombre total de param{\`e}tres requis pour le mod{\`e}le est de trois (min, max, et valeur observ{\'e}e)

Pour S esp{\`e}ces, il y a S! combinaison possibles en une dimension, (S!)^2 en deux et (S!)^n en n dimension. Ceci rend la t{\^a}che de d{\'e}terminer la dimension exacte de grands r{\'e}seaux impossible {\`a} calculer

Nous constatons que trois traits empiriques peuvent expliquer environ un tiers des interactions dans le pire des cas. Un seul trait peut pr{\'e}dire une proportion relativement importante de la structure du r{\'e}seau.

Nos r{\'e}sultats montrent que les r{\'e}seaux {\'e}cologiques sont structur{\'e}s selon quelques dimensions, le choix du mod{\`e}le sugg{\'e}rant que quatre dimensions ou moins peuvent expliquer en grande partie la structure du r{\'e}seau.

Nos r{\'e}sultats peuvent {\^e}tre compar{\'e}s au nombre minimum de dimensions n{\'e}cessaires pour expliquer la structure d'un r{\'e}seau en th{\'e}orie des graphes : la boxicit{\'e} du graphique.
Comme la boxicit{\'e} d'un graphique dirig{\'e} doit {\^e}tre inf{\'e}rieure {\`a} celle de sa version non dirig{\'e}e, cela devrait amener {\`a} surestimer la dimension r{\'e}elle D.

The proportion of interactions that can be explained using empirical traits
varies considerably between networks. This can be ascribed mainly to two factors. First, networks belong to different  types describing :
--plant-pollinator,
--parasitoid,
--herbivore
--les interactions entre pr{\'e}dateurs et proies. 
Deuxi{\`e}mement, les traits recueillis varient d'un r{\'e}seau {\`a} l'autre, tant en nombre qu'en identit{\'e}.

Pour les r{\'e}seaux alimentaires qui comprennent une grande vari{\'e}t{\'e} d'organismes, la taille corporelle figure toujours parmi les caract{\`e}res choisis. Toutefois, pour deux des six r{\'e}seaux trophiques, des traits " simples " (c.-{\`a}-d. des traits cat{\'e}goriques comme la mobilit{\'e} et le m{\'e}tabolisme) ont {\'e}t{\'e} ajout{\'e}s.
) donnent en fait un chevauchement plus {\'e}lev{\'e} entre les interactions pr{\'e}vues et les interactions empiriques.

En r{\'e}sum{\'e}, l'analyse des traits empiriques r{\'e}v{\`e}le que (1) la taille corporelle est importante, mais que la proportion des interactions qui peuvent {\^e}tre expliqu{\'e}es par ce trait augmente consid{\'e}rablement lorsqu'on l'utilise en combinaison avec d'autres traits, (2) la combinaison des perspectives des consommateurs et des ressources, c'est-{\`a}-dire les traits correspondants, peut am{\'e}liorer consid{\'e}rablement la pr{\'e}cision des pr{\'e}visions et (3) diff{\'e}rents traits sont s{\'e}lectionn{\'e}s dans diff{\'e}rents types de r{\'e}seaux, ce qui souligne que diff{\'e}rents Les types de r{\'e}seaux n{\'e}cessitent des approches distinctes en mati{\`e}re de mod{\'e}lisation.
},
	Author = {Ekl{\"o}f, Anna and Jacob, Ute and Kopp, Jason and Bosch, Jordi and Castro-Urgal, Roc{\'\i}o and Chacoff, Natacha P. and Dalsgaard, Bo and de Sassi, Claudio and Galetti, Mauro and Guimar{\~a}es, Paulo R. and et al.},
	Date-Added = {2019-10-29 11:19:13 +0100},
	Date-Modified = {2019-12-17 14:04:51 +0100},
	Doi = {10.1111/ele.12081},
	Editor = {Dunne, JenniferEditor},
	Issn = {1461-023X},
	Journal = {Ecology Letters},
	Keywords = {Networks in ecology, Part 1, Part 2},
	Month = {Feb},
	Number = {5},
	Pages = {577--583},
	Publisher = {Wiley},
	Rating = {5},
	Title = {The dimensionality of ecological networks},
	Url = {http://dx.doi.org/10.1111/ele.12081},
	Volume = {16},
	Year = {2013},
	Bdsk-File-1 = {YnBsaXN0MDDSAQIDBFxyZWxhdGl2ZVBhdGhZYWxpYXNEYXRhXkVrbG9mXzIwMTMucGRmTxEBngAAAAABngACAAAMTWFjaW50b3NoIEhEAAAAAAAAAAAAAAAAAAAAAAAAAEJEAAH/////DkVrbG9mXzIwMTMucGRmAAAAAAAAAAAAAAAAAAAAAAAAAAAAAAAAAAAAAAAAAAAAAAAAAAAAAAAAAAAAAAAAAP////8AAAAAUERGIENBUk8AAQACAAAKIGN1AAAAAAAAAAAAAAAAAAlVRSBCaWxiaW8AAAIAUS86VXNlcnM6Y2xlbWVudHZpb2xldDpEb2N1bWVudHM6UmVubmVzIDE6U2VtZXN0cmUgOSAtIFIxOlVFIEJpbGJpbzpFa2xvZl8yMDEzLnBkZgAADgAeAA4ARQBrAGwAbwBmAF8AMgAwADEAMwAuAHAAZABmAA8AGgAMAE0AYQBjAGkAbgB0AG8AcwBoACAASABEABIAT1VzZXJzL2NsZW1lbnR2aW9sZXQvRG9jdW1lbnRzL1Jlbm5lcyAxL1NlbWVzdHJlIDkgLSBSMS9VRSBCaWxiaW8vRWtsb2ZfMjAxMy5wZGYAABMAAS8AABUAAgAU//8AAAAIAA0AGgAkADMAAAAAAAACAQAAAAAAAAAFAAAAAAAAAAAAAAAAAAAB1Q==},
	Bdsk-Url-1 = {https://onlinelibrary.wiley.com/doi/full/10.1111/ele.12081}}

@article{Cirtwill_2019,
	Annote = {Abstract 1.Descriptions of ecological networks typically assume that the same interspecific interactions occur each time a community is observed. This contrasts with the known stochasticity of ecological communities: community composition, species abundances, and link structure all vary in space and time. Moreover, finite sampling generates variation in the set of interactions actually observed. For interactions that have not been observed, most data sets will not contain enough information for the ecologist to be con\_dent that unobserved interactions truly did not occur. 2. Here we develop the conceptual and analytical tools needed to capture uncertainty in the estimation of pairwise interactions. To define the problem, we identify the different contributions to the uncertainty of an interaction. We then outline a framework to quantify the uncertainty around each interaction by combining data on observed co-occurrences with prior knowledge. We illustrate this framework using perhaps the most extensively sampled network to date. 3. We found significant uncertainty in estimates for the probability of most pairwise interactions. This uncertainty can, however, be constrained with informative priors. This uncertainty scaled up to summary measures of network structure such as connectance and nestedness. Even with informative priors, we are likely to miss many interactions that may occur rarely or under different local conditions. 4. Overall, we demonstrate the importance of acknowledging the uncertainty inherent in network studies, and the utility of treating interactions as probabilities in pinpointing areas where more study is needed. Most importantly, we stress that networks are best thought of as systems constructed from random variables, the stochastic nature of which must be acknowledged for an accurate representation. Doing so will fundamentally change networks analyses and yield greater realism. This article is protected by copyright. All rights reserved.},
	Author = {Cirtwill, Alyssa R. and Ekl”ßf, Anna and Roslin, Tomas and Wootton, Kate and Gravel, Dominique},
	Date-Added = {2019-10-29 11:17:13 +0100},
	Date-Modified = {2019-12-17 14:16:16 +0100},
	Doi = {10.1111/2041-210X.13180},
	Eprint = {https://besjournals.onlinelibrary.wiley.com/doi/pdf/10.1111/2041-210X.13180},
	Journal = {Methods in Ecology and Evolution},
	Keywords = {Bayesian networks, Part 3},
	Rating = {5},
	Title = {A quantitative framework for investigating the reliability of empirical network construction},
	Url = {https://besjournals.onlinelibrary.wiley.com/doi/abs/10.1111/2041-210X.13180},
	Year = {2019},
	Bdsk-File-1 = {YnBsaXN0MDDSAQIDBFxyZWxhdGl2ZVBhdGhZYWxpYXNEYXRhXxAQY2lydHdpbGwyMDE5LnBkZk8RAaYAAAAAAaYAAgAADE1hY2ludG9zaCBIRAAAAAAAAAAAAAAAAAAAAAAAAABCRAAB/////xBjaXJ0d2lsbDIwMTkucGRmAAAAAAAAAAAAAAAAAAAAAAAAAAAAAAAAAAAAAAAAAAAAAAAAAAAAAAAAAAAAAAD/////AAAAAAAAAAAAAAAAAAEAAgAACiBjdQAAAAAAAAAAAAAAAAAJVUUgQmlsYmlvAAACAFMvOlVzZXJzOmNsZW1lbnR2aW9sZXQ6RG9jdW1lbnRzOlJlbm5lcyAxOlNlbWVzdHJlIDkgLSBSMTpVRSBCaWxiaW86Y2lydHdpbGwyMDE5LnBkZgAADgAiABAAYwBpAHIAdAB3AGkAbABsADIAMAAxADkALgBwAGQAZgAPABoADABNAGEAYwBpAG4AdABvAHMAaAAgAEgARAASAFFVc2Vycy9jbGVtZW50dmlvbGV0L0RvY3VtZW50cy9SZW5uZXMgMS9TZW1lc3RyZSA5IC0gUjEvVUUgQmlsYmlvL2NpcnR3aWxsMjAxOS5wZGYAABMAAS8AABUAAgAU//8AAAAIAA0AGgAkADcAAAAAAAACAQAAAAAAAAAFAAAAAAAAAAAAAAAAAAAB4Q==},
	Bdsk-Url-1 = {https://besjournals.onlinelibrary.wiley.com/doi/abs/10.1111/2041-210X.13180},
	Bdsk-Url-2 = {https://doi.org/10.1111/2041-210X.13180}}

@article{Ponisio_2019,
	Author = {Ponisio, Lauren C. and Valdovinos, Fernanda S. and Allhoff, Korinna T. and Gaiarsa, Mar{\'\i}lia P. and Barner, Allison and Guimar{\~a}es, Paulo R. and Hembry, David H. and Morrison, Beth and Gillespie, Rosemary},
	Date-Added = {2019-10-29 11:16:36 +0100},
	Date-Modified = {2019-10-29 11:20:49 +0100},
	Doi = {10.3389/fevo.2019.00103},
	Issn = {2296-701X},
	Journal = {Frontiers in Ecology and Evolution},
	Keywords = {Networks in ecology},
	Month = {Apr},
	Publisher = {Frontiers Media SA},
	Title = {A Network Perspective for Community Assembly},
	Url = {http://dx.doi.org/10.3389/fevo.2019.00103},
	Volume = {7},
	Year = {2019},
	Bdsk-File-1 = {YnBsaXN0MDDSAQIDBFxyZWxhdGl2ZVBhdGhZYWxpYXNEYXRhXxAPcG9uaXNpbzIwMTkucGRmTxEBoAAAAAABoAACAAAMTWFjaW50b3NoIEhEAAAAAAAAAAAAAAAAAAAAAAAAAEJEAAH/////D3BvbmlzaW8yMDE5LnBkZgAAAAAAAAAAAAAAAAAAAAAAAAAAAAAAAAAAAAAAAAAAAAAAAAAAAAAAAAAAAAAAAP////8AAAAAAAAAAAAAAAAAAQACAAAKIGN1AAAAAAAAAAAAAAAAAAlVRSBCaWxiaW8AAAIAUi86VXNlcnM6Y2xlbWVudHZpb2xldDpEb2N1bWVudHM6UmVubmVzIDE6U2VtZXN0cmUgOSAtIFIxOlVFIEJpbGJpbzpwb25pc2lvMjAxOS5wZGYADgAgAA8AcABvAG4AaQBzAGkAbwAyADAAMQA5AC4AcABkAGYADwAaAAwATQBhAGMAaQBuAHQAbwBzAGgAIABIAEQAEgBQVXNlcnMvY2xlbWVudHZpb2xldC9Eb2N1bWVudHMvUmVubmVzIDEvU2VtZXN0cmUgOSAtIFIxL1VFIEJpbGJpby9wb25pc2lvMjAxOS5wZGYAEwABLwAAFQACABT//wAAAAgADQAaACQANgAAAAAAAAIBAAAAAAAAAAUAAAAAAAAAAAAAAAAAAAHa},
	Bdsk-File-2 = {YnBsaXN0MDDSAQIDBFxyZWxhdGl2ZVBhdGhZYWxpYXNEYXRhXxAPcG9uaXNpbzIwMTkucGRmTxEBoAAAAAABoAACAAAMTWFjaW50b3NoIEhEAAAAAAAAAAAAAAAAAAAAAAAAAEJEAAH/////D3BvbmlzaW8yMDE5LnBkZgAAAAAAAAAAAAAAAAAAAAAAAAAAAAAAAAAAAAAAAAAAAAAAAAAAAAAAAAAAAAAAAP////8AAAAAAAAAAAAAAAAAAQACAAAKIGN1AAAAAAAAAAAAAAAAAAlVRSBCaWxiaW8AAAIAUi86VXNlcnM6Y2xlbWVudHZpb2xldDpEb2N1bWVudHM6UmVubmVzIDE6U2VtZXN0cmUgOSAtIFIxOlVFIEJpbGJpbzpwb25pc2lvMjAxOS5wZGYADgAgAA8AcABvAG4AaQBzAGkAbwAyADAAMQA5AC4AcABkAGYADwAaAAwATQBhAGMAaQBuAHQAbwBzAGgAIABIAEQAEgBQVXNlcnMvY2xlbWVudHZpb2xldC9Eb2N1bWVudHMvUmVubmVzIDEvU2VtZXN0cmUgOSAtIFIxL1VFIEJpbGJpby9wb25pc2lvMjAxOS5wZGYAEwABLwAAFQACABT//wAAAAgADQAaACQANgAAAAAAAAIBAAAAAAAAAAUAAAAAAAAAAAAAAAAAAAHa}}

@article{Pichler_2019,
	Author = {Maximilian Pichler and Virginie Boreux and Alexandra-Maria Klein and Matthias Schleuning and Florian Hartig},
	Date-Modified = {2019-12-17 14:19:53 +0100},
	Doi = {10.1111/2041-210x.13329},
	Editor = {Luisa Carvalheiro},
	Journal = {Methods in Ecology and Evolution},
	Keywords = {Machine learning, Network inference, Part 3},
	Month = {nov},
	Publisher = {Wiley},
	Title = {Machine learning algorithms to infer trait-matching and predict species interactions in ecological networks},
	Url = {https://doi.org/10.1111%2F2041-210x.13329},
	Year = 2019,
	Bdsk-File-1 = {YnBsaXN0MDDSAQIDBFxyZWxhdGl2ZVBhdGhZYWxpYXNEYXRhXxAQcGljaGxlcl8yMDE5LnBkZk8RAaYAAAAAAaYAAgAADE1hY2ludG9zaCBIRAAAAAAAAAAAAAAAAAAAAAAAAABCRAAB/////xBwaWNobGVyXzIwMTkucGRmAAAAAAAAAAAAAAAAAAAAAAAAAAAAAAAAAAAAAAAAAAAAAAAAAAAAAAAAAAAAAAD/////AAAAAAAAAAAAAAAAAAEAAgAACiBjdQAAAAAAAAAAAAAAAAAJVUUgQmlsYmlvAAACAFMvOlVzZXJzOmNsZW1lbnR2aW9sZXQ6RG9jdW1lbnRzOlJlbm5lcyAxOlNlbWVzdHJlIDkgLSBSMTpVRSBCaWxiaW86cGljaGxlcl8yMDE5LnBkZgAADgAiABAAcABpAGMAaABsAGUAcgBfADIAMAAxADkALgBwAGQAZgAPABoADABNAGEAYwBpAG4AdABvAHMAaAAgAEgARAASAFFVc2Vycy9jbGVtZW50dmlvbGV0L0RvY3VtZW50cy9SZW5uZXMgMS9TZW1lc3RyZSA5IC0gUjEvVUUgQmlsYmlvL3BpY2hsZXJfMjAxOS5wZGYAABMAAS8AABUAAgAU//8AAAAIAA0AGgAkADcAAAAAAAACAQAAAAAAAAAFAAAAAAAAAAAAAAAAAAAB4Q==},
	Bdsk-Url-1 = {https://doi.org/10.1111%2F2041-210x.13329},
	Bdsk-Url-2 = {https://doi.org/10.1111/2041-210x.13329}}

@article{Hui_2016,
	Abstract = {Summary Model-based methods have emerged as a powerful approach for analysing multivariate abundance data in community ecology. Key applications include model-based ordination, modelling the various sources of correlations across species, and making inferences while accounting for these between species correlations. boral (version 0.9.1, licence GPL-2) is an r package available on cran for model-based analysis of multivariate abundance data, with estimation performed using Bayesian Markov chain Monte Carlo methods. A key feature of the boral package is the ability to incorporate latent variables as a parsimonious method of modelling between species correlation. Pure latent variable models offer a model-based approach to unconstrained ordination, for visualizing sites and the indicator species characterizing them on a low-dimensional plot. Correlated response models consist of fitting generalized linear models to each species, while including latent variables to account for residual correlation between species, for example, due to unmeasured covariates.},
	Annote = {Mise en pratique de l'article de Warton et al. (2015) en utilisant les MCMC et mod{\`e}les hi{\'e}rachiques bay{\'e}siens.},
	Author = {Hui, Francis K.C.},
	Date-Added = {2019-10-29 11:14:37 +0100},
	Date-Modified = {2019-12-17 14:09:37 +0100},
	Doi = {10.1111/2041-210X.12514},
	Eprint = {https://besjournals.onlinelibrary.wiley.com/doi/pdf/10.1111/2041-210X.12514},
	Journal = {Methods in Ecology and Evolution},
	Keywords = {LVM, R package, Network inference, Part 3, Part 4},
	Number = {6},
	Pages = {744-750},
	Read = {1},
	Title = {boral -- Bayesian Ordination and Regression Analysis of Multivariate Abundance Data in r},
	Url = {https://besjournals.onlinelibrary.wiley.com/doi/abs/10.1111/2041-210X.12514},
	Volume = {7},
	Year = {2016},
	Bdsk-File-1 = {YnBsaXN0MDDSAQIDBFxyZWxhdGl2ZVBhdGhZYWxpYXNEYXRhW2h1aTIwMTUucGRmTxEBkAAAAAABkAACAAAMTWFjaW50b3NoIEhEAAAAAAAAAAAAAAAAAAAAAAAAAEJEAAH/////C2h1aTIwMTUucGRmAAAAAAAAAAAAAAAAAAAAAAAAAAAAAAAAAAAAAAAAAAAAAAAAAAAAAAAAAAAAAAAAAAAAAP////8AAAAAAAAAAAAAAAAAAQACAAAKIGN1AAAAAAAAAAAAAAAAAAlVRSBCaWxiaW8AAAIATi86VXNlcnM6Y2xlbWVudHZpb2xldDpEb2N1bWVudHM6UmVubmVzIDE6U2VtZXN0cmUgOSAtIFIxOlVFIEJpbGJpbzpodWkyMDE1LnBkZgAOABgACwBoAHUAaQAyADAAMQA1AC4AcABkAGYADwAaAAwATQBhAGMAaQBuAHQAbwBzAGgAIABIAEQAEgBMVXNlcnMvY2xlbWVudHZpb2xldC9Eb2N1bWVudHMvUmVubmVzIDEvU2VtZXN0cmUgOSAtIFIxL1VFIEJpbGJpby9odWkyMDE1LnBkZgATAAEvAAAVAAIAFP//AAAACAANABoAJAAwAAAAAAAAAgEAAAAAAAAABQAAAAAAAAAAAAAAAAAAAcQ=},
	Bdsk-Url-1 = {https://besjournals.onlinelibrary.wiley.com/doi/abs/10.1111/2041-210X.12514},
	Bdsk-Url-2 = {https://doi.org/10.1111/2041-210X.12514},
	Bdsk-Url-3 = {https://www.youtube.com/watch?v=XmrVVMG1HXI}}

@article{Ovaskainen_2017_procB,
	Abstract = { Estimation of intra- and interspecific interactions from time-series on species-rich communities is challenging due to the high number of potentially interacting species pairs. The previously proposed sparse interactions model overcomes this challenge by assuming that most species pairs do not interact. We propose an alternative model that does not assume that any of the interactions are necessarily zero, but summarizes the influences of individual species by a small number of community-level drivers. The community-level drivers are defined as linear combinations of species abundances, and they may thus represent e.g. the total abundance of all species or the relative proportions of different functional groups. We show with simulated and real data how our approach can be used to compare different hypotheses on community structure. In an empirical example using aquatic microorganisms, the community-level drivers model clearly outperformed the sparse interactions model in predicting independent validation data. },
	Annote = {Suite du pr{\'e}c{\'e}dent article d'Ovaskainen. Framework complet qui prend en compte {\'e}galement les traits et la phylog{\'e}nie},
	Author = {Ovaskainen, Otso and Tikhonov, Gleb and Dunson, David and Gr{\o}tan, Vidar and Engen, Steinar and S{\ae}ther, Bernt-Erik and Abrego, Nerea},
	Date-Added = {2019-10-29 11:13:01 +0100},
	Date-Modified = {2019-12-17 14:12:41 +0100},
	Doi = {10.1098/rspb.2017.0768},
	Eprint = {https://royalsocietypublishing.org/doi/pdf/10.1098/rspb.2017.0768},
	Journal = {Proceedings of the Royal Society B: Biological Sciences},
	Keywords = {HMSC, Network inference, Part 3},
	Number = {1855},
	Pages = {20170768},
	Title = {How are species interactions structured in species-rich communities? A new method for analysing time-series data},
	Url = {https://royalsocietypublishing.org/doi/abs/10.1098/rspb.2017.0768},
	Volume = {284},
	Year = {2017},
	Bdsk-File-1 = {YnBsaXN0MDDSAQIDBFxyZWxhdGl2ZVBhdGhZYWxpYXNEYXRhXxAUb3Zhc2thaW5lbjIwMTctMi5wZGZPEQG2AAAAAAG2AAIAAAxNYWNpbnRvc2ggSEQAAAAAAAAAAAAAAAAAAAAAAAAAQkQAAf////8Ub3Zhc2thaW5lbjIwMTctMi5wZGYAAAAAAAAAAAAAAAAAAAAAAAAAAAAAAAAAAAAAAAAAAAAAAAAAAAAAAAAA/////wAAAAAAAAAAAAAAAAABAAIAAAogY3UAAAAAAAAAAAAAAAAACVVFIEJpbGJpbwAAAgBXLzpVc2VyczpjbGVtZW50dmlvbGV0OkRvY3VtZW50czpSZW5uZXMgMTpTZW1lc3RyZSA5IC0gUjE6VUUgQmlsYmlvOm92YXNrYWluZW4yMDE3LTIucGRmAAAOACoAFABvAHYAYQBzAGsAYQBpAG4AZQBuADIAMAAxADcALQAyAC4AcABkAGYADwAaAAwATQBhAGMAaQBuAHQAbwBzAGgAIABIAEQAEgBVVXNlcnMvY2xlbWVudHZpb2xldC9Eb2N1bWVudHMvUmVubmVzIDEvU2VtZXN0cmUgOSAtIFIxL1VFIEJpbGJpby9vdmFza2FpbmVuMjAxNy0yLnBkZgAAEwABLwAAFQACABT//wAAAAgADQAaACQAOwAAAAAAAAIBAAAAAAAAAAUAAAAAAAAAAAAAAAAAAAH1},
	Bdsk-Url-1 = {https://royalsocietypublishing.org/doi/abs/10.1098/rspb.2017.0768},
	Bdsk-Url-2 = {https://doi.org/10.1098/rspb.2017.0768}}

@inproceedings{Chiquet_2019,
	Abstract = {Networks provide a natural yet statistically grounded way to depict and understand how a set of entities interact. However, in many situations interactions are not directly observed and the network needs to be reconstructed based on observations collected for each entity. Our work focuses on the situation where these observations consist of counts. A typical example is the reconstruction of an ecological network based on abundance data. In this setting, the abundance of a set of species is collected in a series of samples and/or environments and we aim at inferring direct interactions between the species. The abundances at hand can be, for example, direct counts of individuals (ecology of macro-organisms) or read counts resulting from metagenomic sequencing (microbial ecology). Whatever the approach chosen to infer such a network, it has to account for the peculiaraties of the data at hand. The first, obvious one, is that the data are counts, i.e. non continuous. Also, the observed counts often vary over many orders of magnitude and are more dispersed than expected under a simple model, such as the Poisson distribution. The observed counts may also result from different sampling efforts in each sample and/or for each entity, which hampers direct comparison. Furthermore, because the network is supposed to reveal only direct interactions, it is highly desirable to account for covariates describing the environment to avoid spurious edges. Many methods of network reconstruction from count data have been proposed. In the context of microbial ecology, most methods (SparCC, REBACCA, SPIEC-EASI, gCODA, BanOCC) rely on a two-step strategy: transform the counts to pseudo Gaussian observations using simple transforms before moving back to the setting of Gaussian Graphical Models, for which state of the art methods exist to infer the network, but only in a Gaussian world. In this work, we consider instead a full-fledged probabilistic model with a latent layer where the counts follow Poisson distributions, conditional to latent (hidden) Gaussian correlated variables. In this model, known as Poisson log-normal (PLN), the dependency structure is completely captured by the latent layer and we model counts, rather than transformations thereof. To our knowledge, the PLN framework is quite new and has only been used by two other recent methods (Mint and plnDAG) to reconstruct networks from count data. In this work, we use the same mathematical framework but adopt a different optimization strategy which alleviates the whole optimization process. We also fully exploit the connection between the PLN framework and generalized linear models to account for the peculiarities of microbiological data sets. The network inference step is done as usual by adding sparsity inducing constraints on the inverse covariance matrix of the latent Gaussian vector to select only the most important interactions between species. Unlike the usual Gaussian setting, the penalized likelihood is generally not tractable in this framework. We resort instead to a variational approximation for parameter inference and solve the corresponding optimization problem by alternating a gradient descent on the variational parameters and a graphical-Lasso step on the covariance matrix. We also select the sparsity parameter using the resampling-based StARS procedure. We show that the sparse PLN approach has better performance than existing methods on simulated datasets and that it extracts relevant signal from microbial ecology datasets. We also show that the inference scales to datasets made up of hundred of species and samples, in line with other methods in the field. In short, our contributions to the field are the following: we extend the use of PLN distributions in network inference by (i) accounting for covariates and offset and thus removing some spurious edges induced by confounding factors, (ii) accounting for different sampling effort to integrate data sets from different sources and thus infer interactions between different types of organisms (e.g. bacteria - fungi), (iii) developing an inference procedure based on the iterative optimization of a well defined objective function. Our objective function is a provable lower bound of the observed likelihood and our procedure accounts for the uncertainty associated with the estimation of the latent variable, unlike the algorithm presented in Mint and plnDAG.},
	Address = {Long Beach, California, USA},
	Author = {Chiquet, Julien and Robin, Stephane and Mariadassou, Mahendra},
	Booktitle = {Proceedings of the 36th International Conference on Machine Learning},
	Date-Added = {2019-10-29 11:10:42 +0100},
	Date-Modified = {2019-12-17 14:19:21 +0100},
	Editor = {Chaudhuri, Kamalika and Salakhutdinov, Ruslan},
	Keywords = {Variational inference, Network inference, Part 3, Part 4},
	Month = {09--15 Jun},
	Pages = {1162--1171},
	Pdf = {http://proceedings.mlr.press/v97/chiquet19a/chiquet19a.pdf},
	Publisher = {PMLR},
	Series = {Proceedings of Machine Learning Research},
	Title = {Variational Inference for sparse network reconstruction from count data},
	Url = {http://proceedings.mlr.press/v97/chiquet19a.html},
	Volume = {97},
	Year = {2019},
	Bdsk-File-1 = {YnBsaXN0MDDSAQIDBFxyZWxhdGl2ZVBhdGhZYWxpYXNEYXRhXmNoaXF1ZXQxOWEucGRmTxEBngAAAAABngACAAAMTWFjaW50b3NoIEhEAAAAAAAAAAAAAAAAAAAAAAAAAEJEAAH/////DmNoaXF1ZXQxOWEucGRmAAAAAAAAAAAAAAAAAAAAAAAAAAAAAAAAAAAAAAAAAAAAAAAAAAAAAAAAAAAAAAAAAP////8AAAAAAAAAAAAAAAAAAQACAAAKIGN1AAAAAAAAAAAAAAAAAAlVRSBCaWxiaW8AAAIAUS86VXNlcnM6Y2xlbWVudHZpb2xldDpEb2N1bWVudHM6UmVubmVzIDE6U2VtZXN0cmUgOSAtIFIxOlVFIEJpbGJpbzpjaGlxdWV0MTlhLnBkZgAADgAeAA4AYwBoAGkAcQB1AGUAdAAxADkAYQAuAHAAZABmAA8AGgAMAE0AYQBjAGkAbgB0AG8AcwBoACAASABEABIAT1VzZXJzL2NsZW1lbnR2aW9sZXQvRG9jdW1lbnRzL1Jlbm5lcyAxL1NlbWVzdHJlIDkgLSBSMS9VRSBCaWxiaW8vY2hpcXVldDE5YS5wZGYAABMAAS8AABUAAgAU//8AAAAIAA0AGgAkADMAAAAAAAACAQAAAAAAAAAFAAAAAAAAAAAAAAAAAAAB1Q==},
	Bdsk-Url-1 = {http://proceedings.mlr.press/v97/chiquet19a.html}}

@article{momal_2019,
	Annote = {Explique le probl{\`e}me de l'inf{\'e}rence des int{\'e}ractions.},
	Author = {Rapha{\"e}lle Momal and St{\'e}phane Robin and Christophe Ambroise},
	Date-Added = {2019-10-29 11:06:47 +0100},
	Date-Modified = {2019-12-17 14:16:55 +0100},
	Eprint = {1905.02452},
	Journal = {arXiv},
	Keywords = {Tree-based inference, Network inference, Part 3},
	Title = {Tree-based Inference of Species Interaction Network from Abundance Data},
	Year = {2019},
	Bdsk-File-1 = {YnBsaXN0MDDSAQIDBFxyZWxhdGl2ZVBhdGhZYWxpYXNEYXRhXm1vbWFsXzIwMTkucGRmTxEBngAAAAABngACAAAMTWFjaW50b3NoIEhEAAAAAAAAAAAAAAAAAAAAAAAAAEJEAAH/////Dm1vbWFsXzIwMTkucGRmAAAAAAAAAAAAAAAAAAAAAAAAAAAAAAAAAAAAAAAAAAAAAAAAAAAAAAAAAAAAAAAAAP////8AAAAAAAAAAAAAAAAAAQACAAAKIGN1AAAAAAAAAAAAAAAAAAlVRSBCaWxiaW8AAAIAUS86VXNlcnM6Y2xlbWVudHZpb2xldDpEb2N1bWVudHM6UmVubmVzIDE6U2VtZXN0cmUgOSAtIFIxOlVFIEJpbGJpbzptb21hbF8yMDE5LnBkZgAADgAeAA4AbQBvAG0AYQBsAF8AMgAwADEAOQAuAHAAZABmAA8AGgAMAE0AYQBjAGkAbgB0AG8AcwBoACAASABEABIAT1VzZXJzL2NsZW1lbnR2aW9sZXQvRG9jdW1lbnRzL1Jlbm5lcyAxL1NlbWVzdHJlIDkgLSBSMS9VRSBCaWxiaW8vbW9tYWxfMjAxOS5wZGYAABMAAS8AABUAAgAU//8AAAAIAA0AGgAkADMAAAAAAAACAQAAAAAAAAAFAAAAAAAAAAAAAAAAAAAB1Q==},
	Bdsk-File-2 = {YnBsaXN0MDDSAQIDBFxyZWxhdGl2ZVBhdGhZYWxpYXNEYXRhXxAQTW9udG95YV8yMDA5LnBkZk8RAaYAAAAAAaYAAgAADE1hY2ludG9zaCBIRAAAAAAAAAAAAAAAAAAAAAAAAABCRAAB/////xBNb250b3lhXzIwMDkucGRmAAAAAAAAAAAAAAAAAAAAAAAAAAAAAAAAAAAAAAAAAAAAAAAAAAAAAAAAAAAAAAD/////AAAAAAAAAAAAAAAAAAEAAgAACiBjdQAAAAAAAAAAAAAAAAAJVUUgQmlsYmlvAAACAFMvOlVzZXJzOmNsZW1lbnR2aW9sZXQ6RG9jdW1lbnRzOlJlbm5lcyAxOlNlbWVzdHJlIDkgLSBSMTpVRSBCaWxiaW86TW9udG95YV8yMDA5LnBkZgAADgAiABAATQBvAG4AdABvAHkAYQBfADIAMAAwADkALgBwAGQAZgAPABoADABNAGEAYwBpAG4AdABvAHMAaAAgAEgARAASAFFVc2Vycy9jbGVtZW50dmlvbGV0L0RvY3VtZW50cy9SZW5uZXMgMS9TZW1lc3RyZSA5IC0gUjEvVUUgQmlsYmlvL01vbnRveWFfMjAwOS5wZGYAABMAAS8AABUAAgAU//8AAAAIAA0AGgAkADcAAAAAAAACAQAAAAAAAAAFAAAAAAAAAAAAAAAAAAAB4Q==},
	Bdsk-Url-1 = {https://arxiv.org/abs/1905.02452}}

@article{Norberg_2019,
	Abstract = {Abstract A large array of species distribution model (SDM) approaches have been developed for explaining and predicting the occurrences of individual species or species assemblages. Given the wealth of existing models, it is unclear which models perform best for interpolation or extrapolation of existing data sets, particularly when one is concerned with species assemblages. We compared the predictive performance of 33 variants of 15 widely applied and recently emerged SDMs in the context of multispecies data, including both joint SDMs that model multiple species together, and stacked SDMs that model each species individually combining the predictions afterwards. We offer a comprehensive evaluation of these SDM approaches by examining their performance in predicting withheld empirical validation data of different sizes representing five different taxonomic groups, and for prediction tasks related to both interpolation and extrapolation. We measure predictive performance by twelve measures of accuracy, discrimination power, calibration, and precision of predictions, for the biological levels of species occurrence, species richness, and community composition. Our results show large variation among the models in their predictive performance, especially for communities comprising many species that are rare. The results do not reveal any major trade-offs among measures of model performance; the same models performed generally well in terms of accuracy, discrimination, and calibration, and for the biological levels of individual species, species richness, and community composition. In contrast, the models that gave the most precise predictions were not well calibrated, suggesting that poorly performing models can make overconfident predictions. However, none of the models performed well for all prediction tasks. As a general strategy, we therefore propose that researchers fit a small set of models showing complementary performance, and then apply a cross-validation procedure involving separate data to establish which of these models performs best for the goal of the study. This article is protected by copyright. All rights reserved.},
	Annote = {Evaluation de pleins de SDM, performance fluctuante pour chaque mod{\`e}le. Invite {\`a} utiliser plusieurs mod{\`e}les et {\`a} de la validation crois{\'e}e.},
	Author = {Norberg, Anna and Abrego, Nerea and Blanchet, F. Guillaume and Adler, Frederick R. and Anderson, Barbara J. and Anttila, Jani and Ara{\'u}jo, Miguel B. and Dallas, Tad and Dunson, David and Elith, Jane and Foster, Scott D. and Fox, Richard and Franklin, Janet and Godsoe, William and Guisan, Antoine and O'Hara, Bob and Hill, Nicole A. and Holt, Robert D. and Hui, Francis K.C. and Husby, Magne and K{\aa}l{\aa}s, John Atle and Lehikoinen, Aleksi and Luoto, Miska and Mod, Heidi K. and Newell, Graeme and Renner, Ian and Roslin, Tomas and Soininen, Janne and Thuiller, Wilfried and Vanhatalo, Jarno and Warton, David and White, Matt and Zimmermann, Niklaus E. and Gravel, Dominique and Ovaskainen, Otso},
	Date-Added = {2019-10-29 10:38:55 +0100},
	Date-Modified = {2019-12-17 14:17:30 +0100},
	Doi = {10.1002/ecm.1370},
	Eprint = {https://esajournals.onlinelibrary.wiley.com/doi/pdf/10.1002/ecm.1370},
	Journal = {Ecological Monographs},
	Keywords = {JSDM, HMSC, Network inference, Part 3},
	Pages = {e01370},
	Rating = {5},
	Title = {A comprehensive evaluation of predictive performance of 33 species distribution models at species and community levels},
	Url = {https://esajournals.onlinelibrary.wiley.com/doi/abs/10.1002/ecm.1370},
	Year = {2019},
	Bdsk-File-1 = {YnBsaXN0MDDSAQIDBFxyZWxhdGl2ZVBhdGhZYWxpYXNEYXRhXxAPbm9yYmVyZzIwMTkucGRmTxEBoAAAAAABoAACAAAMTWFjaW50b3NoIEhEAAAAAAAAAAAAAAAAAAAAAAAAAEJEAAH/////D25vcmJlcmcyMDE5LnBkZgAAAAAAAAAAAAAAAAAAAAAAAAAAAAAAAAAAAAAAAAAAAAAAAAAAAAAAAAAAAAAAAP////8AAAAAAAAAAAAAAAAAAQACAAAKIGN1AAAAAAAAAAAAAAAAAAlVRSBCaWxiaW8AAAIAUi86VXNlcnM6Y2xlbWVudHZpb2xldDpEb2N1bWVudHM6UmVubmVzIDE6U2VtZXN0cmUgOSAtIFIxOlVFIEJpbGJpbzpub3JiZXJnMjAxOS5wZGYADgAgAA8AbgBvAHIAYgBlAHIAZwAyADAAMQA5AC4AcABkAGYADwAaAAwATQBhAGMAaQBuAHQAbwBzAGgAIABIAEQAEgBQVXNlcnMvY2xlbWVudHZpb2xldC9Eb2N1bWVudHMvUmVubmVzIDEvU2VtZXN0cmUgOSAtIFIxL1VFIEJpbGJpby9ub3JiZXJnMjAxOS5wZGYAEwABLwAAFQACABT//wAAAAgADQAaACQANgAAAAAAAAIBAAAAAAAAAAUAAAAAAAAAAAAAAAAAAAHa},
	Bdsk-File-2 = {YnBsaXN0MDDSAQIDBFxyZWxhdGl2ZVBhdGhZYWxpYXNEYXRhXxBNLi4vLi4vQmlibGlvZ3JhcGhpZS9TdGF0aXN0aXF1ZXMvTm9yYmVyZ19ldF9hbC0yMDE5LUVjb2xvZ2ljYWxfTW9ub2dyYXBocy5wZGZPEQIEAAAAAAIEAAIAAAxNYWNpbnRvc2ggSEQAAAAAAAAAAAAAAAAAAAAAAAAAQkQAAf////8fTm9yYmVyZ19ldF9hbC0yMDE5I0ZGRkZGRkZGLnBkZgAAAAAAAAAAAAAAAAAAAAAAAAAAAAAAAAAAAAAAAAAA/////wAAAAAAAAAAAAAAAAACAAMAAAogY3UAAAAAAAAAAAAAAAAADFN0YXRpc3RpcXVlcwACAGYvOlVzZXJzOmFib3llOkRvY3VtZW50czpCb3Vsb3Q6QmlibGlvZ3JhcGhpZTpTdGF0aXN0aXF1ZXM6Tm9yYmVyZ19ldF9hbC0yMDE5LUVjb2xvZ2ljYWxfTW9ub2dyYXBocy5wZGYADgBaACwATgBvAHIAYgBlAHIAZwBfAGUAdABfAGEAbAAtADIAMAAxADkALQBFAGMAbwBsAG8AZwBpAGMAYQBsAF8ATQBvAG4AbwBnAHIAYQBwAGgAcwAuAHAAZABmAA8AGgAMAE0AYQBjAGkAbgB0AG8AcwBoACAASABEABIAZFVzZXJzL2Fib3llL0RvY3VtZW50cy9Cb3Vsb3QvQmlibGlvZ3JhcGhpZS9TdGF0aXN0aXF1ZXMvTm9yYmVyZ19ldF9hbC0yMDE5LUVjb2xvZ2ljYWxfTW9ub2dyYXBocy5wZGYAEwABLwAAFQACAAz//wAAAAgADQAaACQAdAAAAAAAAAIBAAAAAAAAAAUAAAAAAAAAAAAAAAAAAAJ8},
	Bdsk-Url-1 = {https://esajournals.onlinelibrary.wiley.com/doi/abs/10.1002/ecm.1370},
	Bdsk-Url-2 = {https://doi.org/10.1002/ecm.1370}}

@article{Ovaskainen_2017,
	Author = {Ovaskainen, Otso and Tikhonov, Gleb and Norberg, Anna and Guillaume Blanchet, F. and Duan, Leo and Dunson, David and Roslin, Tomas and Abrego, Nerea},
	Date-Added = {2019-10-29 10:36:50 +0100},
	Date-Modified = {2019-12-17 14:12:58 +0100},
	Doi = {10.1111/ele.12757},
	Editor = {Chave, JeromeEditor},
	Issn = {1461-023X},
	Journal = {Ecology Letters},
	Keywords = {HMSC, Network inference, Part 3},
	Month = {Mar},
	Number = {5},
	Pages = {561--576},
	Publisher = {Wiley},
	Title = {How to make more out of community data? A conceptual framework and its implementation as models and software},
	Url = {http://dx.doi.org/10.1111/ele.12757},
	Volume = {20},
	Year = {2017},
	Bdsk-File-1 = {YnBsaXN0MDDSAQIDBFxyZWxhdGl2ZVBhdGhZYWxpYXNEYXRhXxASb3Zhc2thaW5lbjIwMTcucGRmTxEBrgAAAAABrgACAAAMTWFjaW50b3NoIEhEAAAAAAAAAAAAAAAAAAAAAAAAAEJEAAH/////Em92YXNrYWluZW4yMDE3LnBkZgAAAAAAAAAAAAAAAAAAAAAAAAAAAAAAAAAAAAAAAAAAAAAAAAAAAAAAAAAAAP////8AAAAAAAAAAAAAAAAAAQACAAAKIGN1AAAAAAAAAAAAAAAAAAlVRSBCaWxiaW8AAAIAVS86VXNlcnM6Y2xlbWVudHZpb2xldDpEb2N1bWVudHM6UmVubmVzIDE6U2VtZXN0cmUgOSAtIFIxOlVFIEJpbGJpbzpvdmFza2FpbmVuMjAxNy5wZGYAAA4AJgASAG8AdgBhAHMAawBhAGkAbgBlAG4AMgAwADEANwAuAHAAZABmAA8AGgAMAE0AYQBjAGkAbgB0AG8AcwBoACAASABEABIAU1VzZXJzL2NsZW1lbnR2aW9sZXQvRG9jdW1lbnRzL1Jlbm5lcyAxL1NlbWVzdHJlIDkgLSBSMS9VRSBCaWxiaW8vb3Zhc2thaW5lbjIwMTcucGRmAAATAAEvAAAVAAIAFP//AAAACAANABoAJAA5AAAAAAAAAgEAAAAAAAAABQAAAAAAAAAAAAAAAAAAAes=},
	Bdsk-Url-1 = {https://onlinelibrary.wiley.com/doi/full/10.1111/ele.12757}}

@article{Warton_2015,
	Annote = {L'abondance est la variable r{\'e}ponse dans les analyses multivari{\'e}es. 

Joint distribution model : permet d'expliquer l'abondance gr{\^a}ce {\`a} variables env + int{\'e}ractions.
On peut utiliser des mod{\`e}les {\`a} variables latentes qui prennent en compte les int{\'e}ractions commes variables latentes.},
	Author = {Warton, David I and Blanchet, F Guillaume and O'Hara, Robert B and Ovaskainen, Otso and Taskinen, Sara and Walker, Steven C and Hui, Francis KC},
	Date-Added = {2019-10-29 10:35:23 +0100},
	Date-Modified = {2019-12-17 14:07:25 +0100},
	Journal = {Trends in Ecology \& Evolution},
	Keywords = {LVM, Network inference, Part 3},
	Number = {12},
	Pages = {766--779},
	Publisher = {Elsevier},
	Title = {So many variables: joint modeling in community ecology},
	Volume = {30},
	Year = {2015},
	Bdsk-File-1 = {YnBsaXN0MDDSAQIDBFxyZWxhdGl2ZVBhdGhZYWxpYXNEYXRhXxAQd2FydG9uMjAxNS0yLnBkZk8RAaYAAAAAAaYAAgAADE1hY2ludG9zaCBIRAAAAAAAAAAAAAAAAAAAAAAAAABCRAAB/////xB3YXJ0b24yMDE1LTIucGRmAAAAAAAAAAAAAAAAAAAAAAAAAAAAAAAAAAAAAAAAAAAAAAAAAAAAAAAAAAAAAAD/////AAAAAAAAAAAAAAAAAAEAAgAACiBjdQAAAAAAAAAAAAAAAAAJVUUgQmlsYmlvAAACAFMvOlVzZXJzOmNsZW1lbnR2aW9sZXQ6RG9jdW1lbnRzOlJlbm5lcyAxOlNlbWVzdHJlIDkgLSBSMTpVRSBCaWxiaW86d2FydG9uMjAxNS0yLnBkZgAADgAiABAAdwBhAHIAdABvAG4AMgAwADEANQAtADIALgBwAGQAZgAPABoADABNAGEAYwBpAG4AdABvAHMAaAAgAEgARAASAFFVc2Vycy9jbGVtZW50dmlvbGV0L0RvY3VtZW50cy9SZW5uZXMgMS9TZW1lc3RyZSA5IC0gUjEvVUUgQmlsYmlvL3dhcnRvbjIwMTUtMi5wZGYAABMAAS8AABUAAgAU//8AAAAIAA0AGgAkADcAAAAAAAACAQAAAAAAAAAFAAAAAAAAAAAAAAAAAAAB4Q==}}

@article{Wang_2012,
	Annote = {En {\'e}cologie, les donn{\'e}es d'abondance multivari{\'e}s sont largement utilis{\'e}es pour voir comment la structure des communaut{\'e}s changent le long d'un gradient environmental et de tester des hypoth{\`e}ses {\`a} propos de l'impact de certaines variables environmentales ou de traitement exp{\'e}rimental.

Le package mvabund fit un GLM {\`a} chaque esp{\`e}ces en utilisant les m{\^e}me variables explicatives.
},
	Author = {Wang, Yi and Naumann, Ulrike and Wright, Stephen T. and Warton, David I.},
	Date-Added = {2019-10-29 10:34:57 +0100},
	Date-Modified = {2019-12-17 14:04:21 +0100},
	Doi = {10.1111/j.2041-210x.2012.00190.x},
	Issn = {2041-210X},
	Journal = {Methods in Ecology and Evolution},
	Keywords = {LVM, R package, Network inference, Part 3},
	Month = {Feb},
	Number = {3},
	Pages = {471--474},
	Publisher = {Wiley},
	Title = {mvabund- an R package for model-based analysis of multivariate abundance data},
	Url = {http://dx.doi.org/10.1111/j.2041-210X.2012.00190.x},
	Volume = {3},
	Year = {2012},
	Bdsk-File-1 = {YnBsaXN0MDDSAQIDBFxyZWxhdGl2ZVBhdGhZYWxpYXNEYXRhXHdhbmcyMDEyLnBkZk8RAZYAAAAAAZYAAgAADE1hY2ludG9zaCBIRAAAAAAAAAAAAAAAAAAAAAAAAABCRAAB/////wx3YW5nMjAxMi5wZGYAAAAAAAAAAAAAAAAAAAAAAAAAAAAAAAAAAAAAAAAAAAAAAAAAAAAAAAAAAAAAAAAAAAD/////AAAAAAAAAAAAAAAAAAEAAgAACiBjdQAAAAAAAAAAAAAAAAAJVUUgQmlsYmlvAAACAE8vOlVzZXJzOmNsZW1lbnR2aW9sZXQ6RG9jdW1lbnRzOlJlbm5lcyAxOlNlbWVzdHJlIDkgLSBSMTpVRSBCaWxiaW86d2FuZzIwMTIucGRmAAAOABoADAB3AGEAbgBnADIAMAAxADIALgBwAGQAZgAPABoADABNAGEAYwBpAG4AdABvAHMAaAAgAEgARAASAE1Vc2Vycy9jbGVtZW50dmlvbGV0L0RvY3VtZW50cy9SZW5uZXMgMS9TZW1lc3RyZSA5IC0gUjEvVUUgQmlsYmlvL3dhbmcyMDEyLnBkZgAAEwABLwAAFQACABT//wAAAAgADQAaACQAMQAAAAAAAAIBAAAAAAAAAAUAAAAAAAAAAAAAAAAAAAHL},
	Bdsk-Url-1 = {https://www.youtube.com/watch?v=KnPkH6d89l4},
	Bdsk-Url-2 = {https://besjournals.onlinelibrary.wiley.com/doi/10.1111/j.2041-210X.2012.00190.x}}

@article{Niku_2019,
	Abstract = {Abstract There has been rapid development in tools for multivariate analysis based on fully specified statistical models or `joint models'. One approach attracting a lot of attention is generalized linear latent variable models (GLLVMs). However, software for fitting these models is typically slow and not practical for large datasets. The r package gllvm offers relatively fast methods to fit GLLVMs via maximum likelihood, along with tools for model checking, visualization and inference. The main advantage of the package over other implementations is speed, for example, being two orders of magnitude faster, and capable of handling thousands of response variables. These advances come from using variational approximations to simplify the likelihood expression to be maximized, automatic differentiation software for model-fitting (via the TMB package) and careful choice of initial values for parameters. Examples are used to illustrate the main features and functionality of the package, such as constrained or unconstrained ordination, including functional traits in `fourth corner' models, and (if the number of environmental coefficients is not large) make inferences about environmental associations.},
	Author = {Niku, Jenni and Hui, Francis K. C. and Taskinen, Sara and Warton, David I.},
	Date-Added = {2019-10-29 10:34:26 +0100},
	Date-Modified = {2019-12-17 14:17:14 +0100},
	Doi = {10.1111/2041-210X.13303},
	Eprint = {https://besjournals.onlinelibrary.wiley.com/doi/pdf/10.1111/2041-210X.13303},
	Journal = {Methods in Ecology and Evolution},
	Keywords = {LVM, R package, Network inference, Part 3},
	Title = {gllvm: Fast analysis of multivariate abundance data with generalized linear latent variable models in r},
	Url = {https://besjournals.onlinelibrary.wiley.com/doi/abs/10.1111/2041-210X.13303},
	Year = {2019},
	Bdsk-File-1 = {YnBsaXN0MDDSAQIDBFxyZWxhdGl2ZVBhdGhZYWxpYXNEYXRhXG5pa3UyMDE5LnBkZk8RAZYAAAAAAZYAAgAADE1hY2ludG9zaCBIRAAAAAAAAAAAAAAAAAAAAAAAAABCRAAB/////wxuaWt1MjAxOS5wZGYAAAAAAAAAAAAAAAAAAAAAAAAAAAAAAAAAAAAAAAAAAAAAAAAAAAAAAAAAAAAAAAAAAAD/////AAAAAAAAAAAAAAAAAAEAAgAACiBjdQAAAAAAAAAAAAAAAAAJVUUgQmlsYmlvAAACAE8vOlVzZXJzOmNsZW1lbnR2aW9sZXQ6RG9jdW1lbnRzOlJlbm5lcyAxOlNlbWVzdHJlIDkgLSBSMTpVRSBCaWxiaW86bmlrdTIwMTkucGRmAAAOABoADABuAGkAawB1ADIAMAAxADkALgBwAGQAZgAPABoADABNAGEAYwBpAG4AdABvAHMAaAAgAEgARAASAE1Vc2Vycy9jbGVtZW50dmlvbGV0L0RvY3VtZW50cy9SZW5uZXMgMS9TZW1lc3RyZSA5IC0gUjEvVUUgQmlsYmlvL25pa3UyMDE5LnBkZgAAEwABLwAAFQACABT//wAAAAgADQAaACQAMQAAAAAAAAIBAAAAAAAAAAUAAAAAAAAAAAAAAAAAAAHL},
	Bdsk-Url-1 = {https://besjournals.onlinelibrary.wiley.com/doi/abs/10.1111/2041-210X.13303},
	Bdsk-Url-2 = {https://doi.org/10.1111/2041-210X.13303}}

@article{Thorson_2016,
	Annote = {But : 
JDSDM could be used to assess the degree to which species have similar or different spatio-temporal patterns (`species ordination'). It could be used for community monitoring to estimate dominant trends in community abundance and whether trends are similar across
spatial areas (`community monitoring').

Extension de l'article de Warton et al. 2015},
	Author = {Thorson, James T. and Ianelli, James N. and Larsen, Elise A. and Ries, Leslie and Scheuerell, Mark D. and Szuwalski, Cody and Zipkin, Elise F.},
	Date-Added = {2019-10-29 10:31:46 +0100},
	Date-Modified = {2019-12-17 14:10:50 +0100},
	Doi = {10.1111/geb.12464},
	Issn = {1466-822X},
	Journal = {Global Ecology and Biogeography},
	Keywords = {JDSDM, Network inference, Part 3},
	Month = {May},
	Number = {9},
	Pages = {1144--1158},
	Publisher = {Wiley},
	Title = {Joint dynamic species distribution models: a tool for community ordination and spatio-temporal monitoring},
	Url = {http://dx.doi.org/10.1111/geb.12464},
	Volume = {25},
	Year = {2016},
	Bdsk-File-1 = {YnBsaXN0MDDSAQIDBFxyZWxhdGl2ZVBhdGhZYWxpYXNEYXRhXxBiLi4vLi4vQmlibGlvZ3JhcGhpZS9TdGF0aXN0aXF1ZXMvTFZNICYgSFNNQy9UaG9yc29uX2V0X2FsLTIwMTYtR2xvYmFsX0Vjb2xvZ3lfYW5kX0Jpb2dlb2dyYXBoeS5wZGZPEQJCAAAAAAJCAAIAAAxNYWNpbnRvc2ggSEQAAAAAAAAAAAAAAAAAAAAAAAAAQkQAAf////8fVGhvcnNvbl9ldF9hbC0yMDE2I0ZGRkZGRkZGLnBkZgAAAAAAAAAAAAAAAAAAAAAAAAAAAAAAAAAAAAAAAAAA/////wAAAAAAAAAAAAAAAAACAAQAAAogY3UAAAAAAAAAAAAAAAAACkxWTSAmIEhTTUMAAgB7LzpVc2VyczphYm95ZTpEb2N1bWVudHM6Qm91bG90OkJpYmxpb2dyYXBoaWU6U3RhdGlzdGlxdWVzOkxWTSAmIEhTTUM6VGhvcnNvbl9ldF9hbC0yMDE2LUdsb2JhbF9FY29sb2d5X2FuZF9CaW9nZW9ncmFwaHkucGRmAAAOAG4ANgBUAGgAbwByAHMAbwBuAF8AZQB0AF8AYQBsAC0AMgAwADEANgAtAEcAbABvAGIAYQBsAF8ARQBjAG8AbABvAGcAeQBfAGEAbgBkAF8AQgBpAG8AZwBlAG8AZwByAGEAcABoAHkALgBwAGQAZgAPABoADABNAGEAYwBpAG4AdABvAHMAaAAgAEgARAASAHlVc2Vycy9hYm95ZS9Eb2N1bWVudHMvQm91bG90L0JpYmxpb2dyYXBoaWUvU3RhdGlzdGlxdWVzL0xWTSAmIEhTTUMvVGhvcnNvbl9ldF9hbC0yMDE2LUdsb2JhbF9FY29sb2d5X2FuZF9CaW9nZW9ncmFwaHkucGRmAAATAAEvAAAVAAIADP//AAAACAANABoAJACJAAAAAAAAAgEAAAAAAAAABQAAAAAAAAAAAAAAAAAAAs8=},
	Bdsk-Url-1 = {https://onlinelibrary.wiley.com/doi/abs/10.1111/geb.12464}}

@article{Tikhonov_2019,
	Abstract = {Joint Species Distribution Modelling (JSDM) is becoming an increasingly popular statistical method for analyzing data in community ecology. JSDM allow the integration of community ecology data with data on environmental covariates, species traits, phylogenetic relationships, and the spatio-temporal context of the study, providing predictive insights into community assembly processes from non-manipulative observational data of species communities. Hierarchical Modelling of Species Communities (HMSC) is a general and flexible framework for fitting JSDMs, yet its full range of functionality has remained restricted to Matlab users only. To make HMSC accessible to the wider community of ecologists, we introduce HMSC-R 3.0, a user-friendly R implementation of the framework described in Ovaskainen et al (Ecology Letters, 20 (5), 561-576, 2017) and further extended in several later publications. We illustrate the use of the package by providing a series of five vignettes that apply HMSC-R 3.0 to simulated and real data. HMSC-R applications to simulated data involve single-species models, models of small communities, and models of large species communities. They demonstrate the estimation of species responses to environmental covariates and how these depend on species traits, as well as the estimation of residual species associations. They further demonstrate how HMSC-R can be applied to normally distributed data, count data, and presence-absence data. The real data consist of bird counts in a spatio-temporally structured dataset, environmental covariates, species traits and phylogenetic relationships. The vignettes demonstrate how to construct and fit many kinds of models, how to examine MCMC convergence, how to examine the explanatory and predictive powers of the models, how to assess parameter estimates, and how to make predictions. The package, along with the extended vignettes, makes JSDM fitting and post-processing easily accessible to ecologists familiar with R.},
	Annote = {{\`A} comparer avec : https://github.com/guiblanchet/HMSC
},
	Author = {Tikhonov, Gleb and Opedal, Oystein and Abrego, Nerea and Lehikoinen, Aleksi and Ovaskainen, Otso},
	Date-Added = {2019-10-29 10:30:56 +0100},
	Date-Modified = {2019-12-17 14:18:14 +0100},
	Doi = {10.1101/603217},
	Elocation-Id = {603217},
	Eprint = {https://www.biorxiv.org/content/early/2019/04/09/603217.full.pdf},
	Journal = {bioRxiv},
	Keywords = {HMSC, R package, Network inference, Part 3, Part 4},
	Publisher = {Cold Spring Harbor Laboratory},
	Rating = {5},
	Title = {Joint species distribution modelling with HMSC-R},
	Url = {https://www.biorxiv.org/content/early/2019/04/09/603217},
	Year = {2019},
	Bdsk-File-1 = {YnBsaXN0MDDSAQIDBFxyZWxhdGl2ZVBhdGhZYWxpYXNEYXRhXxARdGlraG9ub3ZfMjAxOS5wZGZPEQGoAAAAAAGoAAIAAAxNYWNpbnRvc2ggSEQAAAAAAAAAAAAAAAAAAAAAAAAAQkQAAf////8RdGlraG9ub3ZfMjAxOS5wZGYAAAAAAAAAAAAAAAAAAAAAAAAAAAAAAAAAAAAAAAAAAAAAAAAAAAAAAAAAAAAA/////wAAAAAAAAAAAAAAAAABAAIAAAogY3UAAAAAAAAAAAAAAAAACVVFIEJpbGJpbwAAAgBULzpVc2VyczpjbGVtZW50dmlvbGV0OkRvY3VtZW50czpSZW5uZXMgMTpTZW1lc3RyZSA5IC0gUjE6VUUgQmlsYmlvOnRpa2hvbm92XzIwMTkucGRmAA4AJAARAHQAaQBrAGgAbwBuAG8AdgBfADIAMAAxADkALgBwAGQAZgAPABoADABNAGEAYwBpAG4AdABvAHMAaAAgAEgARAASAFJVc2Vycy9jbGVtZW50dmlvbGV0L0RvY3VtZW50cy9SZW5uZXMgMS9TZW1lc3RyZSA5IC0gUjEvVUUgQmlsYmlvL3Rpa2hvbm92XzIwMTkucGRmABMAAS8AABUAAgAU//8AAAAIAA0AGgAkADgAAAAAAAACAQAAAAAAAAAFAAAAAAAAAAAAAAAAAAAB5A==},
	Bdsk-Url-1 = {https://www.biorxiv.org/content/early/2019/04/09/603217},
	Bdsk-Url-2 = {https://doi.org/10.1101/603217}}

@article{Stark_2018,
	Author = {Stark, Keila A and Thompson, Patrick L and Yakimishyn, Jennifer and Lee, Lynn and O'Connor, Mary I},
	Date-Added = {2019-10-29 10:29:37 +0100},
	Date-Modified = {2019-12-17 14:14:12 +0100},
	Journal = {bioRxiv},
	Keywords = {HMSC, Seagrass, Benthos, Network inference, Part 3, Part 4},
	Rating = {4},
	Title = {Beyond a single patch: local and regional processes explain diversity patterns in a seagrass epifaunal metacommunity},
	Year = {2018},
	Bdsk-File-1 = {YnBsaXN0MDDSAQIDBFxyZWxhdGl2ZVBhdGhZYWxpYXNEYXRhXxB8Li4vLi4vQmlibGlvZ3JhcGhpZS9CZW50aG9zL1NlYWdyYXNzL1NlYWdyYXNzIGNvbW11bml0eS9TZWFncmFzcyBjb21tdW5pdHkgZWNvbG9neS9FcGlmYXVuYS9TdGFyayBldCBhbC4gMjAxOSAoYmlvYXJ4aXYpLnBkZk8RAkgAAAAAAkgAAgAADE1hY2ludG9zaCBIRAAAAAAAAAAAAAAAAAAAAAAAAABCRAAB/////x9TdGFyayBldCBhbC4gMjAxOSAjRkZGRkZGRkYucGRmAAAAAAAAAAAAAAAAAAAAAAAAAAAAAAAAAAAAAAAAAAD/////AAAAAAAAAAAAAAAAAAIABwAACiBjdQAAAAAAAAAAAAAAAAAIRXBpZmF1bmEAAgCVLzpVc2VyczphYm95ZTpEb2N1bWVudHM6Qm91bG90OkJpYmxpb2dyYXBoaWU6QmVudGhvczpTZWFncmFzczpTZWFncmFzcyBjb21tdW5pdHk6U2VhZ3Jhc3MgY29tbXVuaXR5IGVjb2xvZ3k6RXBpZmF1bmE6U3RhcmsgZXQgYWwuIDIwMTkgKGJpb2FyeGl2KS5wZGYAAA4AQgAgAFMAdABhAHIAawAgAGUAdAAgAGEAbAAuACAAMgAwADEAOQAgACgAYgBpAG8AYQByAHgAaQB2ACkALgBwAGQAZgAPABoADABNAGEAYwBpAG4AdABvAHMAaAAgAEgARAASAJNVc2Vycy9hYm95ZS9Eb2N1bWVudHMvQm91bG90L0JpYmxpb2dyYXBoaWUvQmVudGhvcy9TZWFncmFzcy9TZWFncmFzcyBjb21tdW5pdHkvU2VhZ3Jhc3MgY29tbXVuaXR5IGVjb2xvZ3kvRXBpZmF1bmEvU3RhcmsgZXQgYWwuIDIwMTkgKGJpb2FyeGl2KS5wZGYAABMAAS8AABUAAgAM//8AAAAIAA0AGgAkAKMAAAAAAAACAQAAAAAAAAAFAAAAAAAAAAAAAAAAAAAC7w==},
	Bdsk-Url-1 = {https://www.biorxiv.org/content/early/2018/12/22/482406}}

@comment{BibDesk Smart Groups{
<?xml version="1.0" encoding="UTF-8"?>
<!DOCTYPE plist PUBLIC "-//Apple//DTD PLIST 1.0//EN" "http://www.apple.com/DTDs/PropertyList-1.0.dtd">
<plist version="1.0">
<array>
	<dict>
		<key>conditions</key>
		<array>
			<dict>
				<key>comparison</key>
				<integer>2</integer>
				<key>key</key>
				<string>Keywords</string>
				<key>value</key>
				<string>Network analysis</string>
				<key>version</key>
				<string>1</string>
			</dict>
		</array>
		<key>conjunction</key>
		<integer>0</integer>
		<key>group name</key>
		<string>Network analysis</string>
	</dict>
	<dict>
		<key>conditions</key>
		<array>
			<dict>
				<key>comparison</key>
				<integer>2</integer>
				<key>key</key>
				<string>Keywords</string>
				<key>value</key>
				<string>Network inference</string>
				<key>version</key>
				<string>1</string>
			</dict>
		</array>
		<key>conjunction</key>
		<integer>1</integer>
		<key>group name</key>
		<string>Network inference</string>
	</dict>
</array>
</plist>
}}
